4432 5984
381 364 483 490 ora
704 381 766 468 r.
818 374 1273 505 ‘Lucnnrn
1341 378 1555 472 cunr

358 715 361 720 -
388 643 522 746 Saxa
545 641 736 783 furens,
765 637 878 776 qua
894 638 1161 776 contingit,
1187 642 1497 778 terramque,
1523 663 1575 743 et
1598 637 1664 742 ab
1690 641 1803 741 ollis
1823 649 1828 659 ’

391 817 631 920 Excussit
655 812 875 914 calidum
902 815 1119 916 flammis
1143 816 1400 918 velocibus
1425 816 1628 953 ignem3

378 994 537 1098 Tollit
562 1010 636 1112 se,‘
657 1028 714 1092 ao
740 992 889 1091 rectis
913 989 985 1089 ita
1007 987 1239 1092 faucibus
1265 990 1401 1128 ejicit
1426 992 1542 1112 alte,

384 1167 679 1304 Funditque
704 1164 935 1264 ardorem
961 1164 1129 1303 longe,
1156 1163 1412 1305 longeque
1438 1166 1658 1268 favillam

327 1451 330 1456 ,
382 1338 591 1462 Differt,
620 1364 672 1440 et
697 1376 859 1440 crassa
884 1342 1040 1442 volvit
1063 1341 1279 1480 caligine
1298 1340 1527 1467 fumum3

384 1515 734 1657 Extruditque
760 1516 910 1616 simul
936 1513 1419 1651 mirandopondere
1445 1554 1594 1617 saxa:

385 1688 471 1794 Ne
499 1691 717 1812 dubites
746 1691 871 1829 quin
897 1689 1006 1790 haeo
1033 1690 1218 1790 animai
1244 1689 1450 1791 turbida
1475 1694 1541 1793 sit
1564 1695 1652 1795 vis.

459 1864 726 1987 Praeterea,
753 1904 939 2004 magna
964 1905 1028 1965 ex
1054 1865 1184 2003 parti
1213 1902 1349 1966 mare
1377 1868 1561 1971 montis
1587 1869 1651 1972 ad
1677 1870 1792 2008 ejus-

384 2037 600 2141 Radioes
625 2039 816 2178 frangit
840 2043 1042 2160 fluetus,
1071 2025 1354 2179 aestumque
1381 2043 1636 2147 resorbet:

385 2212 466 2316 Ex
493 2215 778 2355 hocusque
804 2216 930 2345 mari
955 2215 1209 2352 speluncae
1235 2219 1420 2319 montis
1439 2219 1503 2318 ad
1529 2219 1654 2321 altas

385 2386 698 2492 Perveniunt
724 2389 898 2490 subter
923 2390 1142 2512 l'auoeis3
1182 2389 1277 2492 hac
1302 2392 1375 2490 ire
1402 2393 1665 2495 fatendum
1692 2420 1783 2517 est,
1879 2395 1881 2399 ὗ

386 2563 499 2668 “Et
522 2587 788 2705 penetrare
816 2565 938 2665 mari
966 2566 1171 2703 penitus
1196 2604 1275 2667 res
1300 2568 1437 2705 cogit
1462 2592 1669 2705 aperto:

383 2742 563 2882 Atque·
583 2743 752 2843 efflare
777 2740 926 2861 forno,
953 2739 1173 2880 ideoque
1199 2741 1441 2842 extollere
1468 2745 1711 2867 flammas,

387 2914 623 3056 Saxaque
651 2915 948 3054 subjectare,
975 2938 1027 3015 et
1053 2954 1220 3017 arenae
1244 2917 1421 3016 tollere
1447 2916 1661 3019 nimbos.

387 3091 447 3193 In
476 3122 672 3193 summo
699 3115 817 3192 sunt
840 3092 1025 3192 vertice
1052 3092 1188 3191 enim
1214 3116 1446 3214 crateres,
1472 3116 1532 3194 ut
1556 3095 1654 3232 ipsi
1778 3138 1779 3141 ¹
1845 3116 1847 3120 ‘

387 3262 730 3387 Nominitant,
755 3304 846 3366 nos
873 3303 1000 3405 quas
1025 3263 1212 3367 fauceis
1238 3266 1581 3406 perhibemus,
1609 3291 1660 3368 et
1685 3309 1788 3372 ora.

457 3440 592 3542 Sunt
627 3441 825 3579 aliquot
868 3477 1077 3578 quoque
1116 3478 1211 3562 res,
1258 3477 1475 3581 quarum
1521 3482 1671 3544 unam
1713 3445 1879 3546 dicere
1962 3520 1969 3528 ,

525 3653 727 3716 oausam

387 3788 510 3891 Non
538 3792 656 3890 satis
682 3811 775 3909 est,
802 3825 978 3888 rerum
1004 3785 1213 3924 plureis,
1240 3789 1379 3890 unde
1406 3830 1507 3892 una
1536 3815 1700 3892 tamen
1729 3794 1807 3895 sit.

388 3962 588 4103 Corpus
614 3987 672 4064 ut
696 3965 983 4064 exanimum
1006 3962 1047 4062 si
1076 3961 1215 4099 quod
1241 3965 1420 4102 procul
1445 3967 1552 4102 ipse
1570 3965 1741 4103 jacere

388 4139 681 4280 Conspioias
707 4138 953 4263 hominis3
991 4139 1051 4239 fit
1075 4159 1135 4237 ut
1159 4140 1350 4237 omneis
1377 4139 1543 4239 dicere
1570 4179 1742 4242 causas

390 4314 673 4427 Conveniat
697 4309 848 4436 lethi,⁴
868 4314 1066 4415 dicatur
1092 4337 1150 4415 ut
1175 4314 1310 4414 illius
1333 4353 1452 4417 ⁴una.

387 4489 525 4606 Nam
554 4530 723 4631 neque
749 4530 865 4591 oum
892 4489 1040 4611 ferre,
1068 4528 1162 4590 nec
1187 4489 1375 4628 frigore
1400 4493 1600 4592 vincere
1624 4497 1801 4630 possis·

387 4664 662 4786 Interiisse,
688 4704 857 4803 neque
884 4664 1131 4787 a'morb0,
1159 4705 1329 4807 neque
1355 4667 1484 4767 forte
1510 4707 1736 4796 venen03

244 4958 255 4973 ·
386 4840 583 4943 Verum
610 4841 812 4982 aliquid·
825 4880 1011 4979 genere
1031 4881 1136 4944 esse
1157 4883 1221 4943 ex
1242 4842 1353 4964 hoe,
1375 4843 1515 4982 quod
1540 4846 1756 4985 contigit
1778 4845 1860 4986 eji,

366 5014 584 5118 ‘Scimus
605 5044 627 5118 ι’
655 5020 777 5119 item
801 5019 855 5119 in
880 5019 1054 5120 multis
1081 5017 1176 5123 hoc
1203 5018 1354 5121 rebus
1380 5019 1835 5132 dicerebabemus.
1862 5082 1864 5086 Α
