4432 5984
712 342 985 447 LIBER
1044 340 1523 435 SECUNDUS.
1796 337 1866 440 59

365 601 594 743 Corpora
617 625 751 725 sunt,
777 604 830 703 in
858 602 1036 704 eodem
1054 620 1292 744 ¹anteacta
1316 620 1464 702 aetate
1490 602 1647 723 fuere,

363 776 432 879 Et
456 777 670 918 posthac
696 816 898 917 semper
923 775 1073 877 simili
1099 778 1292 876 ratione
1316 774 1549 877 ferentur
1562 818 1578 902 ;

362 950 431 1053 Et
457 989 574 1092 quae
601 973 909 1055 consuerunt
934 951 1095 1089 gigni,
1121 952 1404 1089 gignentur
1430 952 1609 1053 eadem
1683 968 1687 977 '

363 1125 700 1252 Conditione;
727 1149 780 1228 et
805 1148 972 1248 erunt,
1001 1150 1054 1227 et
1078 1150 1318 1247 crescent,
1346 1129 1504 1267 inque
1530 1125 1787 1251 valebunt,
1809 1140 1814 1149 '
1844 1139 1866 1161 ²

360 1301 628 1424 Quantum
654 1304 883 1443 quoique
909 1302 1085 1404 datum
1111 1324 1186 1402 est
1208 1341 1303 1440 per
1325 1302 1515 1404 foedera
1538 1314 1737 1406 naturai
1756 1345 1767 1407 ι

360 1477 474 1581 Nec
501 1519 671 1581 rerum
697 1517 943 1581 summam
969 1500 1282 1580 commutare
1308 1480 1413 1579 ulla
1435 1503 1605 1619 potest
1627 1483 1733 1585 vis.'
1798 1508 1800 1513 '

347 1653 500 1794 'Nam
525 1693 695 1795 neque
722 1692 825 1793 quo
851 1654 1008 1792 possit
1031 1693 1194 1792 genus
1219 1658 1381 1758 ullum
1406 1661 1633 1762 materiai

360 1828 842 1970 Effugereexomni,
856 1828 1140 1968 quidquam
1156 1854 1424 1973 est,nequc
1441 1873 1631 1958 rursus,
1646 1839 1856 1940 inomnc

358 2004 513 2110 Unde
540 2030 710 2107 coorta
730 2027 889 2144 queat
911 2044 1042 2106 nova
1065 2007 1138 2106 vis
1162 2008 1472 2147 inrumpere,
1499 2032 1551 2110 et
1569 2050 1772 2115 omnem
1840 2042 1844 2052 '

361 2182 615 2291 Naturam
640 2221 811 2283 rerum
838 2203 1049 2303 mutare,
1076 2205 1128 2282 et
1152 2205 1345 2285 vertere
1369 2208 1554 2292 motus.
1584 2236 1588 2248 ·

430 2356 565 2460 Illud
595 2360 647 2459 in
673 2356 751 2458 his
776 2355 931 2459 rebus
956 2397 1056 2459 non
1086 2381 1162 2459 est
1187 2357 1432 2482 mirabile,
1463 2399 1623 2501 quare
1699 2374 1703 2379 ’

199 2613 202 2618 -
361 2532 551 2637 Omnia
571 2571 728 2674 quom
755 2572 924 2634 rerum
950 2533 1229 2671 primordia
1254 2535 1433 2636 sintin
1458 2560 1620 2660 motu,

238 2750 241 2754 “
360 2708 571 2812 Summa
594 2733 766 2810 tamen
793 2748 988 2810 summa
1011 2708 1245 2812 videatur
1269 2713 1620 2851 stare‘quiete,

359 2881 711 3026 Praeterquam
738 2884 779 2985 si
805 2884 934 3024 quid
958 2883 1165 3022 proprio
1192 2883 1281 2984 dat
1303 2898 1513 3024 corpore
1540 2910 1722 2992 motus.
1754 2898 1758 2911 '

361 3059 544 3164 Omnis
570 3060 705 3162 enirn
724 3060 876 3197 longe
903 3059 1087 3159 nostris
1107 3056 1171 3160 ab
1197 3060 1427 3162 sensibus
1452 3061 1585 3164 infra

358 3233 645 3339 Primorum
671 3258 852 3337 natura
867 3234 1033 3373 jacet:
1063 3252 1379 3376 quapropter
1404 3232 1490 3337 ubi
1515 3236 1605 3339 illa

362 3411 581 3514 Cernere
599 3412 707 3550 jam
733 3450 973 3551 nequeas,
990 3436 1156 3514 motus
1175 3449 1384 3551 quoque
1405 3426 1612 3550 surpere
1629 3412 1848 3518 debent:
1956 3434 1959 3439 '

361 3585 648 3688 Praesertim
676 3624 849 3726 quom,
876 3624 995 3724 quae
1022 3586 1269 3723 possimus
1294 3602 1520 3708 cernere,
1545 3590 1713 3691 celent

361 3763 509 3901 Saepe
537 3782 704 3860 tamen
732 3782 899 3861 motus
926 3763 1089 3898 spatio
1115 3761 1323 3867 diducta
1346 3763 1588 3865 locorum.

355 3937 492 4041 Nam
520 3974 653 4074 saepe
673 3935 727 4035 in
752 3934 866 4035 colli
892 3937 1159 4042 tondentes
1183 3936 1373 4075 pabula
1390 3937 1509 4039 laeta

360 4113 627 4250 Lanigerae
653 4132 858 4249 reptant
881 4111 1119 4249 pecudes,
1148 4152 1253 4253 quo
1281 4150 1541 4252 quamque
1565 4134 1807 4215 vocantes

360 4287 585 4390 Invitant
607 4282 780 4385 herbae
807 4310 1120 4422 gemmantes
1146 4326 1258 4387 rore
1282 4287 1506 4410 recenti3

359 4461 429 4566 Et
453 4460 616 4560 satiati
642 4460 761 4596 agni
786 4458 992 4581 ludunt,
1020 4459 1311 4602 blandeque
1335 4462 1622 4563 coniscant:

361 4636 551 4741 Omnia
575 4673 695 4774 quae
720 4632 866 4736 nobis
890 4635 1042 4775 longe
1067 4636 1275 4740 confusa
1299 4637 1553 4759 videntur,

359 4814 429 4919 Et
453 4813 610 4915 veluti
635 4812 688 4911 in
713 4811 861 4915 viridi
887 4813 1078 4915 candor
1102 4815 1371 4915 consistere
1396 4813 1528 4914 colli.
1580 4840 1583 4845 ’

358 4988 840 5126 Praetereamagnae
863 4987 1088 5126 legiones
1108 5027 1264 5130 quom
1290 4991 1402 5094 loca
1418 5025 1571 5091 cursu

1074 5176 1088 5218 1
1099 5170 1116 5220 2
