4432 5984
360 353 463 443 W
703 355 770 442 T.·
833 349 1264 441 LUCRETII
1328 351 1542 443 CARI

364 608 470 733 Qui
497 634 651 750 queat
677 612 860 713 aestivis
886 610 1040 711 solem
1063 608 1334 710 detrudere
1353 612 1510 751 signis

364 786 646 889 Brmnaleis
672 825 835 925 usqne
861 787 922 887 ud
951 788 1131 904 flexae,
1159 784 1490 924 gelidumque
1517 787 1768 924 rigoremr

365 959 434 1061 Et
459 962 547 1099 qui
572 961 767 1099 rejiciat
792 962 973 1100 gelidis
999 1001 1028 1061 a
1051 960 1253 1099 frigoris
1280 961 1473 1064 umbris

361 1134 628 1237 AEstiferas
653 1174 816 1273 usque
843 1138 893 1236 in
920 1135 1124 1273 parteis
1151 1160 1204 1235 et
1226 1136 1420 1237 fervida
1444 1137 1604 1273 signa.

365 1308 435 1413 Et
457 1315 650 1414 ratione
677 1315 787 1451 pari
817 1314 1005 1431 lunam,
1033 1312 1304 1449 stellasque
1329 1311 1613 1449 putandum
1641 1326 1732 1430 est,
1791 1280 1794 1285 Ι

365 1484 498 1606 Quae
524 1488 733 1588 volvunt
759 1527 968 1627 magnos
995 1489 1045 1586 in
1072 1487 1270 1623 magnis
1294 1483 1503 1585 orbibus
1528 1523 1704 1604 annos,

361 1659 583 1763 Aiiribus
609 1700 754 1798 posse
781 1663 988 1763 alternis
1007 1702 1036 1762 a
1060 1661 1291 1799 partibus
1317 1660 1404 1761 ire.

364 1833 552 1937 Nonne
580 1838 717 1938 vides
743 1840 893 1939 etiam
921 1840 1130 1939 (liversis
1157 1832 1332 1935 nubila
1359 1834 1519 1933 ventis

363 2008 601 2113 Diversae
627 2015 698 2112 ire
724 2015 774 2112 in
804 2017 1007 2150 parteis,
1035 2011 1232 2113 inferna
1256 2010 1519 2146 supernis?

364 2184 469 2306 Qut
496 2188 662 2286 minus
688 2189 774 2289 illa
801 2211 993 2325 queant
1018 2224 1110 2324 per
1134 2221 1343 2320 magnos
1369 2181 1569 2285 aetheris
1595 2184 1762 2287 orbeis

362 2359 494 2462 AEsti
504 2362 596 2461 bus
624 2364 757 2462 inter
782 2400 832 2465 se
860 2362 1067 2469 diversis
1092 2360 1255 2463 sidera
1280 2358 1430 2460 ferril

431 2535 502 2635 At
528 2576 630 2635 nox
659 2536 832 2638 obruit
857 2536 1053 2674 ingenti
1079 2535 1293 2673 caligine
1319 2558 1492 2655 terras,

361 2708 471 2809 Aut
498 2710 584 2810 ubi
612 2710 675 2809 de
702 2711 855 2850 longo
881 2750 1032 2812 eursu
1059 2711 1131 2810 sol
1158 2711 1346 2808 extima
1371 2711 1481 2810 eoeli

361 2881 591 3019 Impulit,
618 2907 773 3022 atque
800 2922 914 2984 suos
941 2884 1127 2983 efflavit
1152 2883 1425 3021 languidus
1452 2883 1613 3017 igneis

364 3056 643 3161 Concussos
670 3060 810 3179 itere,
832 3081 883 3158 et
907 3057 1180 3158 labefactos
1205 3060 1320 3157 aere
1347 3059 1540 3158 multo:

365 3234 468 3333 Aut
492 3235 615 3371 quia
640 3232 735 3333 sub
761 3255 918 3333 terras
943 3269 1146 3345 cursum
1172 3254 1462 3333 convertere
1487 3233 1625 3370 cogit

359 3406 451 3509 Vis
477 3409 670 3528 eadem,
699 3445 882 3545 supera
906 3428 1064 3541 terras
1090 3445 1208 3545 quae
1233 3409 1447 3545 pertulit
1471 3407 1662 3513 orbem.

427 3582 682 3724 Tempore
708 3586 828 3685 item
855 3606 993 3683 certo
1019 3619 1210 3683 roseam
1239 3579 1445 3683 Matuta
1470 3620 1563 3719 per
1586 3623 1698 3685 oras
1799 3616 1812 3639 ·

359 3758 587 3861 AEtheris
611 3796 844 3861 auroram
870 3756 1051 3877 defert,
1078 3778 1131 3856 et
1153 3756 1347 3858 lumina
1372 3758 1569 3895 pandit,

360 3936 469 4035 Aut
494 3934 615 4073 quia
641 3935 713 4033 sol
739 3932 874 4034 idem
901 3931 996 4032 sub
1022 3955 1179 4031 terras
1203 3930 1290 4030 ille
1317 3954 1572 4033 revertens

354 4111 623 4247 ¹Antieipat
647 4109 827 4209 coelum
854 4108 1007 4207 radiis
1032 4106 1306 4206 accendere
1332 4129 1561 4210 tentans:

360 4285 469 4385 Ant
495 4285 614 4424 quia
641 4287 948 4385 conveniunt
972 4286 1133 4422 ignes,
1158 4302 1211 4379 et
1235 4280 1425 4381 semina
1451 4284 1614 4385 multa

365 4457 637 4560 Confluere
663 4460 854 4561 ardoris
880 4486 1189 4564 consuerunt
1212 4486 1440 4601 tempore
1466 4491 1619 4588 certe,

364 4632 497 4755 Quae
522 4632 715 4734 faciunt
741 4635 857 4734 solis
882 4674 1010 4736 nova
1036 4674 1234 4774 semper
1258 4638 1451 4739 lumina
1476 4643 1636 4780 gigni.

364 4805 519 4927 Quod
546 4844 706 4944 genus
728 4805 878 4908 Idaeis
902 4809 1038 4911 fama
1064 4836 1141 4913 est
1165 4851 1193 4913 e
1217 4813 1475 4918 montibus
1500 4819 1614 4921 altis

364 4980 632 5120 Dispersus
658 4982 819 5119 igneis
844 4983 1024 5085 orienti
1051 4987 1243 5089 lumine
1269 4992 1436 5115 eerni3
