4432 5984
747 420 1016 513 LIBER
1078 419 1482 514 TERTIUS.
1763 420 1855 517 lll

363 679 486 781 Post
511 678 601 781 ubi
619 680 728 818 jam
752 680 932 782 validis
959 704 1254 821 quassatum
1281 704 1356 782 est
1381 679 1573 784 viribus
1599 682 1693 783 aevi

364 854 582 994 Corpus,
610 879 662 956 et
685 853 878 957 obtusis
903 857 1196 958 ceciderunt
1219 856 1411 958 viribus
1437 876 1591 974 artus,

364 1027 633 1133 Claudicat
657 1033 938 1169 ingenium,
967 1031 1149 1132 delirat
1171 1032 1366 1168 lingua,
1391 1029 1564 1130 madet
1587 1069 1746 1153 menS,

363 1202 556 1307 Omnia
579 1208 840 1327 deficiunt,
868 1230 1021 1345 atque
1048 1245 1151 1306 uno
1175 1228 1403 1342 tempore
1430 1203 1630 1306 desunt.

361 1376 502 1518 Ergo
528 1382 729 1484 dissolvi
755 1420 962 1521 quoque
988 1382 1224 1481 convenit
1247 1416 1447 1481 omnem
1473 1378 1660 1478 animai

362 1550 634 1677 Naturam,
660 1595 754 1659 ceu
778 1556 949 1656 fumus
973 1556 1026 1654 in
1054 1555 1178 1655 altas
1204 1556 1332 1655 aeris
1358 1592 1536 1679 auras3

363 1726 798 1869 Quandoquidem
823 1732 967 1870 gigni
992 1732 1199 1867 pariter,
1225 1731 1519 1868 pariterque
1539 1732 1768 1833 videmus

361 1901 617 2026 Crescere,
643 1929 698 2005 et
722 1907 811 2038 (ut
836 1904 1013 2038 docui)
1041 1905 1191 2006 simul
1218 1944 1326 2007 aevo
1344 1905 1475 2005 fessa
1498 1905 1677 2007 fatisci.

360 2077 479 2181 Huc
505 2078 715 2197 accedit,
742 2080 818 2177 uti
844 2077 1102 2182 videamus
1127 2119 1311 2219 corpus
1336 2104 1397 2181 ut
1420 2082 1588 2219 ipsum

361 2252 626 2393 Suscipere
651 2253 916 2353 immaneis
938 2252 1157 2374 morbos,
1184 2255 1477 2395 durumque
1504 2255 1747 2378 dolorem,
1855 2278 1859 2285 '

360 2427 443 2530 Sic
464 2431 694 2529 animum
720 2463 865 2529 curas
891 2428 1067 2546 aereis,
1090 2428 1409 2567 luctumque,
1435 2453 1765 2571 metumque:

361 2600 534 2723 Quare
559 2602 858 2741 participem
885 2599 1011 2701 lethi
1037 2570 1248 2742 quoque
1272 2608 1507 2706 convenit
1532 2645 1657 2710 esse.

431 2775 726 2897 Quinetiam
750 2773 941 2877 morbis
962 2776 1016 2877 in
1041 2779 1264 2915 corporis
1290 2782 1429 2880 avius
1454 2803 1590 2880 errat

360 2949 512 3090 Saepe
528 2952 753 3076 animus3
784 2951 1032 3053 dementit
1055 2955 1209 3073 enim,
1236 2954 1498 3091 deliraque
1524 2951 1693 3054 fatur:

358 3123 729 3265 Interdumque
754 3128 894 3265 gravi
920 3126 1154 3265 lethargo
1178 3104 1341 3227 fertur
1365 3129 1417 3227 in
1444 3128 1603 3228 altum

355 3301 1007 3440 AEternumquesoporem,
1034 3303 1210 3422 oculis,
1237 3324 1470 3439 nutuque
1496 3301 1729 3426 cadenti;

357 3475 513 3580 Unde
536 3516 704 3617 neque
731 3479 940 3578 exaudit
964 3516 1127 3598 voces,
1154 3517 1322 3618 neque
1351 3515 1554 3576 noscere
1581 3478 1755 3578 vultus

357 3650 569 3753 lllorum
595 3654 728 3790 potis
753 3628 843 3773 est,
869 3652 934 3751 ad
961 3653 1113 3753 vitam
1140 3654 1230 3791 qui
1256 3675 1546 3754 revocantes

360 3826 701 3929 Circumstant
724 3826 959 3964 lacrymis
983 3851 1208 3927 rorantes
1232 3866 1322 3927 ora
1346 3867 1626 3967 genasque.

358 4002 531 4124 Quare
555 4003 778 4104 animum
806 4038 1013 4139 quoque
1041 4003 1245 4104 dissolvi
1268 4002 1457 4104 fateare
1484 4042 1684 4103 necesse
1709 4027 1806 4123 est,

359 4174 793 4313 Quandoquidem
818 4197 1090 4311 penetrant
1113 4179 1166 4276 in
1192 4216 1310 4277 eum
1336 4177 1570 4315 contagia
1595 4176 1790 4277 morbi:

359 4348 498 4452 Nam
524 4348 669 4449 dolor
691 4387 749 4448 ac
774 4349 982 4451 morbus
1006 4351 1132 4451 lethi
1159 4351 1429 4452 fabricator
1457 4373 1675 4489 uterque
1702 4372 1797 4469 est,

358 4525 645 4627 Multorum
672 4528 828 4627 exitio
853 4526 1081 4664 perdocti
1109 4528 1245 4667 quod
1275 4568 1449 4630 sumus
1475 4552 1607 4631 ante.

357 4699 603 4839 Denique
627 4738 734 4820 cur,
762 4698 1015 4801 hominem
1044 4741 1201 4839 quom
1224 4705 1330 4804 vini
1352 4706 1427 4806 vis
1452 4701 1743 4840 penetravit

355 4875 520 4995 Acris,
547 4899 599 4975 et
621 4878 675 4975 in
702 4912 852 4976 venas
879 4874 1105 4975 discessit
1131 4875 1324 4978 diditus
1349 4878 1522 4996 ardor,

360 5049 706 5194 Consequitur
729 5053 948 5193 gravitas
974 5051 1354 5156 membroruml
1391 5049 1788 5192 praepediuntur
