4432 5984
583 510 619 567 ·.
674 423 951 521 mnan
1015 429 1362 529 sexsus.
1653 429 1754 541 eos

270 668 340 786 Et
362 687 719 831 conjungendo
744 712 990 812 crescunt,
1015 692 1285 832 ventisque
1307 693 1543 803 feruntur

267 857 447 1000 Usque
473 865 615 985 adeo,
643 864 803 965 donec
828 885 1099 1000 tempestas
1125 903 1257 967 saeva
1282 893 1453 970 coorta
1479 894 1574 981 est.-

336 1033 419 1138 Fit
443 1074 651 1178 quoque
676 1039 752 1138 uti
778 1038 961 1139 montis
979 1038 1145 1161 vicina
1168 1044 1429 1144 cacumina
1453 1047 1578 1146 coelo

267 1203 438 1327 Quam
463 1211 564 1311 sint
589 1249 812 1350 quaeque
838 1212 1013 1349 magis,
1047 1232 1189 1317 tanto
1213 1217 1373 1352 magis
1398 1218 1534 1321 edita
1558 1219 1755 1337 fument

261 1383 479 1485 Assidue
505 1385 658 1488 fulvae
683 1384 835 1487 nubis
860 1386 1074 1523 caligine
1100 1424 1292 1511 crassa3

263 1553 555 1695 Propterea,
583 1560 706 1698 quia
730 1596 887 1699 quom
912 1561 1194 1661 consistunt
1218 1561 1393 1663 nubila
1417 1565 1659 1700 primum,

261 1732 398 1831 Ante
423 1734 592 1835 videre
617 1733 750 1834 oculi
766 1771 930 1872 quam
955 1734 1150 1871 possint
1173 1738 1365 1856 tenuia,
1390 1739 1529 1844 venti

263 1899 528 2006 Portantes
552 1929 743 2044 cogunt
766 1905 829 2005 ad
856 1943 1050 2006 summa
1075 1909 1336 2047 cacumina
1362 1912 1575 2013 montis:

263 2077 366 2180 ch
394 2081 599 2181 demum
625 2081 700 2200 fit,
727 2080 802 2205 ,uti
827 2078 980 2193 turba
1005 2079 1191 2217 majore
1216 2106 1402 2203 coorta,

263 2249 533 2355 Condensa
557 2293 614 2372 ao
640 2255 825 2390 stipata
849 2253 998 2355 simul
1023 2276 1311 2374 cernantur,
1339 2277 1390 2355 et
1416 2255 1518 2370 udo
1553 2366 1557 2373 ,

259 2421 467 2560 Venice
493 2429 557 2528 de
585 2429 767 2527 montis
786 2426 1054 2527 rideantur
1070 2465 1277 2564 surgere
1301 2428 1354 2539 in
1381 2427 1609 2534 aethram.

261 2594 398 2700 Nam
425 2601 535 2701 loca
559 2601 781 2702 declarat
803 2636 999 2700 sursum
1026 2623 1234 2714 ventosa
1258 2623 1432 2739 patere

262 2775 362 2883 Res
378 2780 487 2915 ipsa
512 2778 576 2879 ad
596 2816 814 2897 sensum,
831 2774 1047 2877 monteis
1061 2811 1216 2912 quom
1232 2775 1584 2877 adscendimus
1602 2779 1745 2895 altos.

330 2947 600 3070 Praeterea,
620 2949 875 3087 permulta
898 2948 1025 3049 mari
1053 2983 1260 3085 quoque
1284 2947 1461 3049 tollere
1485 2972 1592 3050 toto

261 3120 488 3260 Corpora
511 3144 761 3242 naturam,
790 3121 1049 3223 declarant
1073 3119 1241 3223 littore
1266 3145 1427 3224 vestes

259 3300 552 3435 Suspensae2
569 3335 727 3451 quom
754 3295 1048 3431 concipiunt
1073 3293 1300 3397 humoris
1325 3295 1602 3413 adhaesum.

258 3466 376 3589 Quo
400 3472 560 3608 magis
584 3470 650 3570 ad
676 3467 856 3591 nubeis
879 3466 1140 3607 augendas
1166 3467 1329 3573 multa
1353 3471 1590 3573 videntur

253 3639 409 3745 Posse
436 3681 648 3782 quoque
673 3680 702 3742 e
727 3644 854 3742 salso
878 3679 1181 3778 consurgere
1201 3644 1419 3749 momine
1443 3647 1605 3782 ponti.

256 3814 393 3929 Nam
419 3821 548 3919 ratio
572 3819 947 3955 consanguinea
970 3838 1047 3921 est
1071 3813 1374 3959 humoribus,
1392 3820 1570 3922 omnis

325 3991 593 4109 Praeterea,
620 3992 787 4091 fluviis
811 4027 875 4089 ex
900 3987 1154 4133 omnibns,
1173 4011 1226 4088 et
1248 3989 1398 4097 simul
1423 3993 1535 4129 ipsa

247 4167 474 4305 Surgere
500 4166 564 4267 de
587 4188 723 4301 terra
746 4149 963 4300 nebulas
983 4187 1266 4302 aestumque
1290 4163 1550 4292 videmus,

252 4338 389 4461 Quae
403 4342 543 4440 velut
563 4339 764 4481 halitus,
784 4336 903 4438 hinc
922 4338 994 4437 ita
1014 4374 1212 4437 sursum
1233 4373 1470 4473 expressa
1487 4339 1738 4464 feruntur,

253 4512 672 4650 Suffimduntqne
697 4550 787 4613 sua
805 4492 989 4649 coeldin
1008 4510 1248 4646 caligine,¹
1261 4532 1314 4617 et
1337 4510 1466 4627 altas

251 4684 524 4789 Sufficiunt
548 4684 728 4786 nubeis
752 4685 1018 4823 paullatim
1044 4683 1413 4790 conveniundo.

303 4858 488 4998 ,Urget
511 4861 645 4960 enirn
672 4897 881 4999 quoque
908 4856 1138 5000 signiferi
1165 4895 1319 4996 super
1342 4856 1545 4960 aetheris
1570 4882 1737 4994 aestus,

244 5030 321 5145 Et
346 5036 490 5177 quasi
515 5033 776 5136 densendo.
797 5032 1024 5176 subtexit
1047 5033 1235 5135 caerula
1257 5029 1460 5143 nimbis.
1504 5144 1507 5149 ,
