4432 5984
733 383 1009 473 LIBER
1073 380 1496 474 QUARTUS.
1592 420 1595 424 “
1760 377 1857 472 151

362 639 672 782 Obsiditque
697 644 801 744 vias
826 642 1104 760 oculorum,
1131 680 1195 740 ne
1223 641 1488 741 simulacra

360 811 563 916 Possint
588 817 806 919 ullarum
832 854 1003 916 rerum
1029 816 1256 953 conjecta
1280 818 1484 918 moveri.

433 987 824 1130 Quadratasque
850 966 1029 1127 procul
1053 958 1238 1091 turreis
1263 1028 1378 1090 oum
1407 991 1659 1091 cernimus
1684 989 1844 1110 urbiS,
1920 1114 1923 1119 ἱ

357 1160 637 1300 Propterea
662 1165 722 1265 fit
747 1167 821 1265 uti
846 1164 1119 1265 videantur
1144 1199 1279 1299 saepe
1304 1161 1556 1280 rotundae,

357 1340 594 1477 Angulus
621 1340 833 1442 obtusus
859 1341 983 1479 quia
1007 1340 1160 1477 longe
1185 1340 1411 1440 cernitur
1435 1339 1613 1458 omniS,

361 1509 478 1616 Sive
505 1517 656 1616 etiarn
683 1517 853 1653 potius
881 1512 1234 1613 nonoernitur
1249 1554 1262 1637 ;
1302 1553 1358 1613 ao
1385 1515 1517 1650 perit
1542 1514 1651 1650 ejus

359 1684 536 1826 Plaga,
561 1729 655 1791 nec
681 1689 743 1790 ad
773 1711 967 1791 nostras
993 1687 1122 1787 acies
1147 1685 1430 1822 perlabitur
1453 1689 1613 1789 ictus:

358 1859 496 1962 Aera
520 1900 614 2001 per
640 1862 856 1964 multum
884 1862 1007 2001 quia
1031 1859 1154 1958 dum
1180 1860 1446 1960 simulacra
1469 1860 1723 1980 feruntur,

363 2033 517 2173 Cogit
541 2036 812 2139 hebescere
831 2074 948 2138 eum
975 2032 1164 2137 crebris
1189 2032 1467 2134 offensibus
1493 2039 1595 2136 aer.

360 2206 516 2330 Hine,
541 2209 631 2313 ubi
658 2209 870 2351 suffugit
895 2247 1097 2311 sensum
1122 2208 1270 2308 simul
1297 2210 1514 2346 angulus
1539 2210 1719 2332 onmis,

360 2385 459 2507 Fit,
486 2387 631 2525 quasi
657 2407 857 2486 tornata
881 2408 943 2485 ut
966 2420 1202 2484 saxorum
1229 2403 1421 2483 structa
1444 2404 1686 2506 tuantur3

247 2624 250 2629 -
360 2556 414 2660 N
419 2599 483 2660 on
510 2583 680 2662 tamen
707 2583 767 2660 ut
791 2597 957 2661 eoram
984 2597 1102 2699 quae
1128 2579 1262 2677 sunt,
1286 2580 1507 2695 vereque
1532 2557 1772 2678 rotunda,

361 2732 464 2834 Sed
490 2736 636 2874 quasi
661 2734 1003 2835 adumbratim
1027 2706 1260 2871 paullum
1287 2732 1521 2833 simulata
1543 2732 1799 2836 videntur.

434 2907 633 3012 Umbra
655 2909 858 3010 videtur
881 2910 1005 3008 item
1030 2906 1176 3007 nobis
1201 2909 1252 3007 in
1282 2909 1384 3008 sole
1410 2910 1616 3030 moveri,

360 3081 431 3185 Et
456 3085 669 3221 vestigia
691 3087 865 3183 nostra
891 3082 1053 3219 sequi,
1080 3104 1385 3221 gestumque
1409 3085 1628 3210 imitari;

360 3259 524 3395 (Aera
548 3261 588 3358 si
616 3258 790 3359 eredas
816 3257 1070 3395 privatum
1096 3255 1289 3355 lumine
1314 3294 1460 3393 posse

361 3429 663 3571 Indugredi,
691 3454 856 3532 motus
882 3429 1147 3532 hominum
1173 3454 1447 3571 gestusque
1475 3458 1804 3572 sequentem:

364 3604 503 3708 Nam
529 3605 657 3707 nihil
683 3643 788 3705 esse
814 3626 983 3742 potest
1007 3605 1146 3706 aliud
1174 3608 1269 3708 nisi
1296 3609 1486 3709 lumine
1513 3648 1678 3711 cassus

360 3781 481 3900 Aer,
507 3780 577 3901 id,
606 3779 744 3920 quod
771 3817 862 3880 nos
887 3777 1120 3879 umbram
1144 3779 1415 3917 perhibere
1441 3786 1644 3886 suemus
1660 3784 1705 3920 3)

363 3951 641 4074 Nimirum,
669 3932 791 4093 quia
813 3976 949 4055 terra
971 3953 1094 4054 locis
1120 3994 1185 4055 ex
1209 3956 1386 4056 ordine
1412 3962 1561 4060 certis

359 4126 580 4229 Lumine
605 4129 835 4268 privatur
859 4129 992 4244 solis,
1021 4118 1327 4270 quoeunque
1352 4156 1576 4236 meantes
1671 4245 1674 4253 ,
1812 4250 1819 4271 ‚

362 4304 658 4407 Officirnus:
699 4306 927 4444 repletur
950 4304 1089 4426 item,
1117 4304 1257 4443 quod
1284 4305 1527 4445 liquimus
1554 4310 1677 4448 ejus.
1786 4372 1807 4431 ·.

359 4477 639 4617 Propterea
663 4479 739 4600 fit,
766 4479 843 4578 uti
869 4477 1116 4598 videatur,
1144 4517 1261 4617 quae
1286 4479 1385 4580 fuit
1409 4483 1596 4584 umbra

361 4651 620 4789 Corporis,
648 4689 675 4752 e
701 4652 909 4791 regione
935 4651 1113 4753 eadem
1139 4691 1229 4754 nos
1255 4693 1419 4793 usque
1445 4681 1645 4782 secuta3

361 4825 577 4965 Semper
602 4826 737 4927 enim
761 4866 891 4928 nova
917 4864 970 4928 se
994 4825 1253 4930 radiorum
1279 4830 1474 4931 lumina
1497 4831 1739 4954 fundunt,

358 4995 636 5141 Primaque
661 5000 978 5141 dispereunt,
1005 5003 1152 5142 quasi
1176 5005 1231 5109 in
1256 5007 1430 5147 ignem
1455 5008 1572 5108 lana
1594 5007 1860 5111 trahatur:
