4432 5984
372 304 443 407 aa
563 306 624 395 r.
660 251 1089 400 Lucanum
1139 306 1352 403 cam
1402 308 1567 404 nnn.
1592 313 1665 406 11.

378 560 431 665 N
434 603 491 665 eo
516 601 671 684 mare,
698 603 791 667 nee
814 568 1003 672 fluctus
1028 569 1330 709 plangentes
1353 576 1477 673 saxa
1498 570 1787 674 orebrnnt:
1871 556 1889 571 ’

262 772 265 777 ·
374 737 477 839 Sed
501 739 682 877 genuit
704 741 855 843 tellus
877 744 1071 865 eadem,
1098 781 1216 882 quae
1240 774 1379 847 nuno
1396 747 1488 846 alit
1511 772 1674 846 exse.
1797 834 1810 853 .

370 907 625 1012 Praeterea
648 912 833 1015 nitidas
857 913 1044 1055 fruges,
1069 920 1342 1060 vinetaque
1365 921 1487 1022 laeta
1752 920 1787 1055 J

370 1083 565 1223 Sponte
590 1123 681 1187 sua
703 1088 926 1225 primum
952 1093 1246 1196 mortalibus
1270 1095 1592 1232 ipsacreavit
1607 1098 1658 1197 ε’·
1684 1148 1691 1159 ·
1775 1144 1783 1151 ·
1828 1088 1881 1181 'T'

370 1256 491 1397 Ipsa
516 1258 658 1360 dedit
681 1260 875 1364 dulceis
898 1263 1048 1367 foetus
1071 1291 1125 1368 et
1147 1267 1338 1406 pabula
1359 1269 1507 1394 laeta;

370 1433 504 1558 Quae
526 1454 665 1538 nune
682 1439 769 1539 vix
793 1450 965 1540 nostro
989 1441 1331 1579 grandescunt
1354 1464 1504 1543 aucta
1523 1438 1734 1544 labore:
1764 1482 1774 1497 ·
1837 1437 1848 1445 ⁵

369 1608 795 1749 conterimusque
820 1610 988 1735 boves,
1014 1636 1067 1714 et
1089 1616 1221 1716 vires
1244 1615 1581 1754 agricolarum
1603 1658 1607 1665 ·
1674 1652 1684 1703 .·
1763 1660 1769 1667 ·
1879 1702 1886 1709 .

369 1781 712 1908 Conficimus;
740 1785 871 1887 'seris
893 1788 979 1888 vix
997 1789 1126 1889 arvis
1150 1784 1492 1926 suppeditati:

365 1951 546 2094 Usque
570 1956 696 2057 adeo
720 1982 939 2094 pereunt
962 1959 1129 2082 foetus,
1154 1984 1448 2100 augentque
1472 1960 1692 2067 labores.

360 2126 584 2267 Jamque
609 2146 766 2269 caput
788 2146 1032 2271 quassans
1055 2134 1262 2273 grandis
1287 2136 1507 2273 suspirat
1522 2158 1694 2239 arator
1746 2178 1754 2195 ¹
1869 2158 1876 2167 '

364 2302 606 2405 Crebrius
630 2306 1147 2446 incassummagnum
1171 2309 1408 2411 cecidisse
1433 2307 1695 2435 laborem3

363 2475 432 2578 Et
455 2498 611 2618 quum
636 2474 866 2619 tempora
887 2478 1201 2617 temporibus
1223 2483 1495 2621 praesentia
1516 2481 1720 2586 confert
1797 2520 1805 2531 ·

362 2650 656 2777 Praeteritis,
681 2652 859 2757 laudat
881 2652 1109 2753 fortunas
1132 2690 1268 2793 saepe
1289 2657 1545 2793 parentis3
1714 2676 1721 2685 '

361 2825 433 2929 Et
457 2850 646 2966 crepat,
671 2829 942 2967 antiquum
967 2863 1129 2963 genus
1152 2848 1214 2928 ut
1236 2830 1426 2967 pietate
1448 2831 1705 2969 repletum
1786 2916 1789 2921 .

362 2999 608 3106 Perfacile
633 3003 862 3142 angustis
886 3001 1114 3101 tolerarit
1128 2999 1318 3102 finibus
1342 3040 1520 3124 aevom,

362 3170 533 3295 Quom
559 3178 725 3279 minor
747 3199 878 3278 esset
901 3178 1015 3320 agri
1034 3174 1199 3276 multo
1225 3176 1407 3277 modus
1429 3200 1548 3279 ante
1569 3178 1806 3289 viritim:
1842 3238 1847 3243 ·

362 3346 477 3451 Nec
500 3370 656 3470 tenet,
669 3352 852 3451 ¹omnia
873 3349 1140 3486 paullatim
1165 3348 1438 3471 tabescere,
1461 3373 1516 3452 et
1537 3354 1613 3453 ire
1638 3394 1647 3407 ·

360 3521 443 3622 Ad
470 3525 710 3660 capulum
735 3523 896 3662 spatio
922 3524 1084 3622 aetatis
1108 3521 1304 3623 defessa
1324 3530 1560 3627 vetusto}
