4432 5984
348 338 450 456 aro
690 350 764 437 r..
818 284 1525 438 tucnurrrcanr
1664 344 1666 349 ’

349 606 501 727 Quod
530 608 770 743 permista
795 602 933 745 gerit
953 605 1118 726 tellus,
1147 606 1467 747 discretaque
1494 604 1664 706 tradit.

423 785 474 887 N
480 810 852 934 octurnumqnc
879 822 1051 885 recens
1078 784 1384 884 exstinctum
1410 784 1602 902 lumen,
1630 777 1719 881 ubi
1746 777 1848 878 acri

352 958 550 1062 Nidore
577 959 790 1061 offendit
815 963 996 1081 nareiS,
1025 959 1259 1096 consopit
1285 957 1489 1078 ibidem,

352 1134 587 1273 chicere
613 1159 672 1235 ut
695 1173 881 1272 pronos
908 1112 997 1272 qui
1023 1132 1230 1234 morbus
1255 1173 1388 1272 saepe
1416 1134 1593 1236 suerit.

424 1308 766 1448 Castoreoquc
793 1311 933 1448 gravi
960 1310 1143 1410 mulier
1168 1312 1333 1446 sopita
1358 1307 1622 1428 recumbit,

353 1483 422 1587 Et
449 1482 680 1584 manibus
706 1484 924 1584 nitidum
951 1485 1138 1584 tenoris
1163 1522 1292 1622 opus
1320 1485 1479 1583 effluit
1504 1484 1585 1622 eji,

350 1656 605 1796 Tempore
631 1697 689 1757 eo
717 1631 763 1758 si
781 1659 990 1758 odorata
1015 1683 1090 1759 est
1115 1696 1219 1797 qno
1245 1682 1502 1760 menstrua
1528 1660 1688 1763 solvit.

426 1833 697 1971 Multaque
725 1855 973 1971 praeterea
997 1832 1294 1972 languentia
1321 1833 1546 1934 membra
1571 1873 1664 1972 por
1689 1857 1826 1936 artus

355 2007 585 2128 Solvunt,
613 2031 767 2146 atque
795 2008 1013 2107 animam
1039 2007 1347 2109 labefactant
1373 2008 1577 2110 sedibus
1604 2013 1756 2111 intus
1813 2077 1815 2080 v

425 2182 684 2324 Denique,
712 2184 751 2282 si
778 2185 831 2283 in
858 2183 1033 2284 calidis
1059 2182 1207 2281 otiam
1237 2207 1473 2284 cunctere
1500 2185 1724 2305 lavacris,

355 2359 561 2461 Plenior
586 2384 638 2460 et
663 2361 785 2460 solio
811 2361 862 2460 in
890 2358 1046 2459 fueris
1073 2356 1313 2460 ferventis
1338 2368 1507 2500 aquai,
1648 2335 1649 2338 l

356 2532 526 2654 Qtram
543 2535 698 2637 -facile
724 2537 775 2635 in
803 2534 970 2635 medio
996 2535 1055 2633 fit
1082 2535 1156 2633 uti
1183 2533 1271 2634 des
1298 2573 1431 2671 saepe
1458 2521 1658 2654 ruinas!

427 2709 826 2848 Carbonumque
852 2712 1018 2849 gravis
1043 2712 1117 2812 vis
1144 2733 1297 2848 atque
1324 2711 1452 2811 odor
1475 2712 1761 2814 insinuatur

236 2966 239 2971 .
357 2883 526 3006 Quam
539 2886 683 2988 facile
700 2885 1041 3007 incerobrum,
1053 2888 1147 2987 nisi
1164 2924 1345 3024 aquam
1364 2888 1698 3024 praecepimus
1715 2891 1850 2991 anto!

424 3064 496 3161 At
521 3101 674 3201 quom
702 3062 929 3162 membra
953 3062 1170 3163 hominis
1197 3035 1425 3199 percepit
1450 3060 1644 3162 fervida
1666 3062 1838 3184 febris,

354 3236 491 3341 Tum
517 3239 576 3339 fit
601 3239 727 3338 odor
752 3240 855 3339 vini
881 3239 1047 3378 plagae
1074 3236 1355 3338 mactabilis
1382 3237 1552 3337 instar.

362 3445 365 3449 ’
429 3411 618 3514 Nonne
644 3414 783 3514 vides
811 3415 959 3514 etiam
992 3437 1123 3512 terra
1151 3450 1358 3551 quoque
1385 3410 1549 3511 sulfur
1574 3412 1625 3510 in
1652 3413 1762 3549 ipsa

360 3585 590 3727 Gignier,
612 3611 664 3689 ct
688 3612 820 3689 tetro
847 3625 1164 3689 concrescere
1190 3585 1342 3686 odore
1369 3583 1632 3686 bitumen?
1753 3596 1755 3600 ’

237 3818 239 3824 ¹
363 3785 369 3796 '
430 3763 670 3904 Denique
696 3764 786 3864 ubi
813 3765 1011 3901 argenti
1037 3802 1186 3864 venas
1213 3763 1426 3902 aurique
1452 3785 1754 3901 sequuntur,

347 3937 534 4047 ,Terra'i
560 3940 763 4076 penitus
790 3963 1070 4040 scrutantes
1096 3938 1268 4039 abdita
1294 3938 1443 4057 ferro,

361 4111 571 4234 Qualeis
597 4116 821 4252 exspirat
846 4115 1127 4251 scaptesula
1152 4113 1327 4213 subter
1352 4113 1563 4213 odores?

211 4335 216 4347 ·
252 4272 257 4280 ⁸
316 4370 324 4385 ,
363 4287 568 4411 Quidve
595 4263 720 4390 niali
740 4290 800 4389 fit
825 4312 884 4389 ut
909 4288 1147 4389 exhalent
1173 4311 1347 4389 aurata
1373 4288 1621 4388 metallal'
1724 4277 1731 4284 ⁸

196 4492 205 4503 ·
240 4554 244 4559 ,
295 4512 303 4525 ·
362 4461 506 4584 Quas
529 4461 792 4564 'hominum
818 4464 1043 4564 reddunt
1065 4463 1234 4584 facies,
1262 4464 1558 4603 qualeisqne
1584 4462 1808 4564 colores?

362 4636 554 4759 Nonne
580 4638 735 4759 vides,
764 4638 969 4778 audisve
995 4640 1162 4777 perire
1189 4641 1238 4738 in
1266 4663 1494 4776 tempore
1521 4675 1675 4774 parvo

363 4812 536 4937 Quam
561 4815 771 4934 soleant,
799 4837 851 4914 et
877 4852 1031 4953 quam
1058 4817 1178 4914 vitai
1204 4814 1349 4950 copia
1376 4813 1520 4933 desit,

531 4989 764 5109 noereio
789 4988 878 5088 tali
905 4987 1108 5090 coh-ibet
1133 4991 1206 5091 vis
1233 4991 1447 5127 magna?
1485 5026 1688 5091 necesse
1715 5012 1791 5092 est
1890 4969 1894 4975 ¹
