4432 5984
362 396 464 499 926
728 408 789 498 Τ.
840 405 1278 498 LUCRETII
1343 410 1556 503 CARI

365 664 600 785 Saevibat,
622 665 906 804 leviterque
932 665 1091 765 minas
1116 667 1339 803 ponebat
1365 671 1587 794 inaneis3

365 837 477 940 Nec
502 861 700 976 poterat
725 877 1036 978 quemquam
1061 840 1247 976 placidi
1266 843 1479 979 pellacia
1502 844 1646 980 ponti

366 1010 594 1112 Subdola
618 1014 853 1150 pellicere
879 1015 930 1114 in
957 1014 1187 1114 fraudem
1212 1017 1494 1117 ridentibus
1519 1015 1698 1117 undis:

367 1183 610 1325 Improba
635 1188 822 1325 navigii
846 1190 974 1288 ratio
999 1211 1110 1287 tum
1134 1227 1266 1290 caeca
1281 1188 1501 1327 jacebat.
1688 1159 1694 1167 ι

363 1359 497 1464 Tum
523 1365 753 1500 paenuria
778 1363 961 1464 deinde
987 1363 1103 1484 cibi,
1128 1364 1423 1501 languentia
1445 1359 1586 1462 letho

368 1532 606 1637 Membra
631 1536 813 1638 dabat:
852 1560 1027 1638 eontra
1049 1576 1185 1638 nunc
1209 1575 1376 1637 rerum
1402 1538 1547 1672 copia
1565 1554 1765 1635 mersat.

369 1706 453 1809 Illi
480 1709 828 1847 imprudentes
852 1712 948 1849 ipsi
974 1710 1069 1810 sibi
1094 1748 1228 1847 saepe
1253 1749 1503 1810 venenum

373 1882 692 2022 Vergebant:
732 1925 868 1987 nunc
894 1887 1018 1986 dant
1042 1887 1150 1985 aliis
1176 1884 1424 1983 sollertius
1449 1884 1565 2019 ipsi.
1780 1858 1831 1953 '-

320 2043 322 2046 ’
440 2056 569 2159 Inde
585 2099 720 2159 casas
735 2084 1019 2200 postquam,
1031 2101 1086 2161 ac
1103 2058 1578 2197 pelleis,ignemque
1593 2059 1857 2193 pararunt,

369 2229 439 2332 Et
463 2234 644 2332 mulier
668 2235 933 2370 conjuncta
956 2235 1063 2335 viro
1089 2230 1331 2332 concessit
1354 2232 1406 2330 in
1433 2267 1625 2353 unum3

371 2402 625 2543 Castaque
650 2408 859 2543 privatae
885 2405 1098 2508 Veneris
1123 2403 1375 2506 connubia
1399 2406 1515 2505 laeta

373 2575 592 2717 Cognita
616 2602 748 2699 sunt,
768 2582 1068 2720 prolemque
1093 2621 1155 2680 ex
1183 2618 1234 2679 se
1260 2579 1427 2680 videre
1453 2602 1705 2680 creatam:

368 2750 503 2853 Tum
530 2791 691 2890 genus
717 2751 998 2854 humanum
1024 2756 1245 2892 primum
1267 2753 1556 2853 mollescere
1582 2751 1750 2889 coepit.

371 2924 512 3063 Ignis
538 2928 673 3025 enim
699 2929 906 3047 curavit,
935 2951 993 3027 ut
1017 2928 1138 3027 alsia
1162 2964 1373 3064 corpora
1397 2926 1563 3062 frigus

372 3097 494 3201 Non
521 3102 591 3200 ita
608 3101 714 3238 jam
740 3124 945 3238 possent
969 3102 1080 3202 coeli
1105 3097 1198 3199 sub
1222 3101 1444 3237 tegmine
1469 3098 1629 3199 ferre:
1772 3172 1776 3179 -

372 3272 443 3374 Et
462 3242 636 3375 Venus
660 3274 916 3373 imminuit
937 3275 1101 3393 vireis,
1126 3275 1381 3411 puerique
1401 3296 1672 3410 parentum

374 3446 641 3547 Blanditiis
666 3447 813 3547 facile
837 3449 1099 3585 ingenium
1117 3446 1312 3586 fregere
1339 3447 1630 3585 superbum.

370 3621 517 3724 Tunc
543 3647 594 3722 et
618 3624 886 3723 amicitiam
912 3644 1173 3761 coeperunt
1189 3621 1407 3759 jungere
1433 3619 1681 3723 babentes

374 3796 612 3900 Finitima
635 3799 768 3898 inter
792 3836 860 3917 se,
886 3837 980 3898 nec
1003 3796 1205 3918 laedere,
1230 3833 1323 3897 nee
1347 3796 1563 3897 violare:

373 3972 443 4074 Et
466 4010 650 4112 pueros
675 3970 1109 4091 commendbrunt,
1136 3969 1485 4109 muliebreque
1512 3970 1739 4093 saeclum,
1787 4008 1815 4053 ·.

377 4145 597 4250 Vocibus
623 4169 674 4247 et
698 4169 844 4283 gestu
872 4184 1026 4286 quom
1052 4143 1202 4245 balbe
1227 4145 1568 4282 significarent

374 4319 750 4422 Imbecillorum
776 4361 880 4423 esse
907 4358 1111 4462 aequum
1139 4318 1419 4418 misererier
1441 4322 1682 4423 omnium.

376 4493 499 4596 Non
524 4517 692 4595 tamen
718 4498 1016 4599 omnimodis
1041 4523 1241 4639 poterat
1264 4503 1529 4605 concordia
1554 4506 1727 4644 gigni3

284 4782 288 4786 g
376 4665 476 4769 Sed
502 4667 635 4769 bona
659 4708 945 4810 magnaque
968 4711 1085 4810 pars
1112 4672 1376 4775 servabant
1399 4673 1587 4779 foedera
1610 4679 1764 4779 casti:

312 4832 317 4840 ’
372 4838 480 4940 Aut
497 4879 657 4978 genus
672 4840 951 4944 humanum
962 4845 1070 4983 jam
1086 4872 1193 4949 tum
1208 4847 1337 4949 foret
1355 4889 1503 4953 omne
1517 4880 1860 4995 peremptum,
1956 4978 1960 4983 ,

311 5006 321 5019 “
377 5011 429 5116 N
434 5052 489 5115 ec
514 5017 761 5153 potuisset
785 5015 952 5122 adhuc
976 5019 1253 5161 perducere
1280 5026 1426 5128 saecla
1448 5063 1694 5169 propago.
