4432 5984
735 374 1053 468 LIBER
1117 378 1473 473 PRIMUS.
1805 383 1865 479 15

382 627 496 731 Neo
521 628 710 732 calidos
735 652 888 775 aestus
911 637 1122 757 tuimur,
1149 676 1242 738 nec
1261 637 1452 777 fr'igora
1477 642 1682 780 quimus

379 803 844 944 UsurpareoculiS,
871 847 964 910 nec
982 847 1127 913 voces
1153 811 1356 911 cernere
1383 850 1619 939 suemus3

381 980 515 1102 Quae
540 1004 707 1082 tamen
735 984 905 1085 omnia
929 1023 1170 1123 corporea
1193 1010 1419 1087 constare
1445 1026 1645 1092 necesse
1671 1017 1747 1094 est

380 1153 613 1258 Natura:
656 1156 898 1295 quoniam
923 1195 1097 1258 sensus
1115 1159 1376 1296 impellere
1401 1188 1629 1299 possunt.

375 1333 608 1472 Tangere
635 1335 770 1434 enim
796 1356 847 1433 et
872 1335 1030 1472 tangi,
1057 1336 1153 1435 nisi
1179 1375 1378 1474 corpus
1406 1339 1549 1438 nulla
1572 1364 1741 1477 potest
1763 1384 1859 1450 res.

437 1506 696 1648 Denique,
722 1508 1012 1646 fluctifrago
1037 1547 1292 1647 suspensae
1318 1514 1369 1614 in'
1396 1515 1564 1616 littore
1588 1543 1749 1623 vestes

375 1682 655 1802 Uvescunt,
682 1672 875 1782 eaedem
901 1681 1151 1819 dispansae
1176 1687 1230 1785 in
1255 1688 1357 1788 sole
1378 1713 1669 1817 senescunt3

373 1855 445 1957 At
468 1896 655 1997 neque,
682 1895 789 1996 quo
812 1878 960 1993 pacto
985 1857 1265 1993 persederit
1288 1859 1475 1964 humor
1499 1875 1653 2004 aquai

371 2031 504 2135 Visu
531 2054 622 2150 est,
649 2068 741 2131 nec
767 2067 970 2130 rursum
996 2068 1101 2169 quo
1125 2054 1275 2170 pacto
1299 2035 1491 2175 fugerit
1517 2063 1680 2164 aestu;

372 2205 435 2308 In
460 2243 640 2344 parvas
664 2205 825 2342 igitur
848 2205 1035 2340 parteis
1061 2204 1374 2346 dispergitur
1398 2209 1600 2336 humor,

374 2379 517 2501 Quas
541 2379 676 2480 oculi
700 2378 843 2479 nulla
865 2401 1078 2516 possunt
1102 2380 1296 2482 ratione
1314 2385 1503 2489 videre.

441 2553 583 2675 Quin
610 2553 761 2654 etiam
786 2553 959 2653 multis
986 2551 1117 2652 Solis
1140 2553 1472 2661 redeuntibus
1491 2566 1634 2667 annis

368 2731 606 2833 Annulus
630 2730 683 2829 in
710 2729 871 2867 digito
897 2726 1315 2832 subtertenuatur
1338 2733 1608 2840 habendo:

368 2905 603 3012 Stillicidl
627 2942 770 3006 casus
793 2902 1017 3041 lapidem
1044 2924 1220 3004 cavat:
1256 2943 1419 3009 uncus
1443 2913 1596 3012 aratri

367 3079 582 3182 Ferreus
604 3080 803 3206 occulte
825 3078 1068 3178 decrescit
1091 3114 1263 3180 vomer
1287 3082 1341 3180 in
1365 3085 1523 3184 arvis:

366 3258 638 3395 Strataque
655 3255 764 3392 jam
788 3253 923 3390 volgi
948 3249 1166 3389 pedibus
1192 3252 1375 3353 detrita
1402 3256 1595 3358 viarum

364 3431 528 3539 Saxea
553 3427 924 3564 conspicimus:
967 3448 1077 3526 tum
1103 3449 1274 3564 portas
1299 3452 1511 3567 propter
1534 3432 1697 3536 ahena

362 3603 520 3744 Signa
545 3638 723 3702 manus
749 3600 952 3702 dextras
976 3601 1252 3703 ostendunt
1276 3607 1526 3706 attenuari

361 3777 510 3916 Saepe
537 3777 844 3877 salutantum
869 3796 1024 3893 tactu,
1052 3797 1345 3914 praeterque
1367 3803 1657 3886 meantum:

361 3950 489 4053 Haec
515 3951 673 4088 igitur
697 3948 874 4067 minui,
901 3985 1017 4048 cum
1043 3949 1144 4047 sint
1169 3947 1368 4069 detrita,
1390 3950 1654 4080 videmus3

361 4122 463 4224 Sed
490 4159 608 4260 quae
633 4158 846 4257 corpora
871 4119 1119 4220 decedant
1141 4122 1195 4219 in
1221 4143 1451 4257 tempore
1475 4162 1701 4267 quoque,

361 4294 541 4397 Invida
565 4294 824 4432 praeclusit
848 4295 1066 4432 speciem
1091 4316 1272 4394 natura
1294 4295 1517 4400 videndi.

430 4468 706 4588 Postremo,
736 4506 1059 4608 quaecunque
1085 4468 1193 4568 dies
1217 4492 1503 4609 naturaque
1526 4474 1685 4582 rebus

358 4645 631 4749 Paullatim
649 4641 846 4762 tribuit,
874 4640 1171 4763 moderatim
1190 4668 1409 4743 creseere
1429 4684 1629 4786 cogens,

358 4819 529 4923 Nulla.
548 4840 713 4956 potest
735 4817 997 4919 oculorum
1023 4817 1153 4916 acies
1178 4840 1414 4919 contenta
1438 4827 1569 4924 tueri
1580 4866 1606 4954 ⁴;
1703 4902 1706 4908 .

357 4993 471 5097 Nec
495 5031 648 5134 porro
674 5028 998 5134 quaecunque
1023 5029 1130 5094 aevo
1153 4993 1417 5136 macieque
1439 5029 1744 5110 senescunt:
