<?xml version="1.0" encoding="UTF-8"?>
<!DOCTYPE html PUBLIC "-//W3C//DTD XHTML 1.0 Transitional//EN"
    "http://www.w3.org/TR/xhtml1/DTD/xhtml1-transitional.dtd">
<html xmlns="http://www.w3.org/1999/xhtml" xml:lang="en" lang="en">
 <head>
  <title>
</title>
<meta http-equiv="Content-Type" content="text/html;charset=utf-8" />
  <meta name='ocr-system' content='tesseract 3.04.00' />
  <meta name='ocr-capabilities' content='ocr_page ocr_carea ocr_par ocr_line ocrx_word'/>
</head>
<body>
  <div class='ocr_page' id='page_1' title='image "./tlucretiicaride01carugoog_0030.png"; bbox 0 0 4432 5984; ppageno 0'>
   <div class='ocr_carea' id='block_1_1' title="bbox 778 249 1844 454">
    <p class='ocr_par' dir='ltr' id='par_1_1' title="bbox 778 249 1844 454">
     <span class='ocr_line' id='line_1_1' title="bbox 778 249 1844 454; baseline 0 -43"><span class='ocrx_word' id='word_1_1' title='bbox 778 249 1043 411; x_wconf 75' lang='lat' dir='ltr'><strong>ninus</strong></span> <span class='ocrx_word' id='word_1_2' title='bbox 1096 321 1433 454; x_wconf 81' lang='lat' dir='ltr'><strong>Pnrmus.</strong></span> <span class='ocrx_word' id='word_1_3' title='bbox 1782 319 1844 412; x_wconf 76' lang='lat' dir='ltr'><strong>ar</strong></span> 
     </span>
    </p>
   </div>
   <div class='ocr_carea' id='block_1_2' title="bbox 357 578 1928 2811">
    <p class='ocr_par' dir='ltr' id='par_1_2' title="bbox 357 578 1928 2811">
     <span class='ocr_line' id='line_1_2' title="bbox 361 578 1694 723; baseline 0.004 -43"><span class='ocrx_word' id='word_1_4' title='bbox 361 579 660 717; x_wconf 68' lang='lat' dir='ltr'><strong>Paupertas</strong></span> <span class='ocrx_word' id='word_1_5' title='bbox 691 578 902 701; x_wconf 87' lang='lat' dir='ltr'><strong>bellum,</strong></span> <span class='ocrx_word' id='word_1_6' title='bbox 932 582 1214 701; x_wconf 88' lang='lat' dir='ltr'><strong>concordia,</strong></span> <span class='ocrx_word' id='word_1_7' title='bbox 1245 605 1441 702; x_wconf 88' lang='lat' dir='ltr'><strong>caetera,</strong></span> <span class='ocrx_word' id='word_1_8' title='bbox 1474 622 1694 723; x_wconf 93' lang='lat' dir='ltr'><strong>quorum</strong></span> 
     </span>
     <span class='ocr_line' id='line_1_3' title="bbox 359 755 1615 898; baseline 0.001 -40"><span class='ocrx_word' id='word_1_9' title='bbox 359 755 602 859; x_wconf 88' lang='lat' dir='ltr'><strong>Adventu</strong></span> <span class='ocrx_word' id='word_1_10' title='bbox 631 778 802 857; x_wconf 89' lang='lat' dir='ltr'><strong>manet</strong></span> <span class='ocrx_word' id='word_1_11' title='bbox 828 755 1093 856; x_wconf 89' lang='lat' dir='ltr'><strong>incolumis</strong></span> <span class='ocrx_word' id='word_1_12' title='bbox 1121 779 1320 876; x_wconf 87' lang='lat' dir='ltr'><strong>natura,</strong></span> <span class='ocrx_word' id='word_1_13' title='bbox 1351 756 1615 898; x_wconf 79' lang='lat' dir='ltr'><strong>obituque,</strong></span> 
     </span>
     <span class='ocr_line' id='line_1_4' title="bbox 362 929 1626 1066; baseline -0.002 -34"><span class='ocrx_word' id='word_1_14' title='bbox 362 929 491 1032; x_wconf 87' lang='lat' dir='ltr'><strong>Haec</strong></span> <span class='ocrx_word' id='word_1_15' title='bbox 520 930 651 1030; x_wconf 89' lang='lat' dir='ltr'><strong>soliti</strong></span> <span class='ocrx_word' id='word_1_16' title='bbox 681 965 870 1048; x_wconf 79' lang='lat' dir='ltr'><strong>sumuS,</strong></span> <span class='ocrx_word' id='word_1_17' title='bbox 901 951 961 1030; x_wconf 87' lang='lat' dir='ltr'><strong>ut</strong></span> <span class='ocrx_word' id='word_1_18' title='bbox 989 967 1083 1066; x_wconf 86' lang='lat' dir='ltr'><strong>par</strong></span> <span class='ocrx_word' id='word_1_19' title='bbox 1105 951 1196 1050; x_wconf 87' lang='lat' dir='ltr'><strong>est,</strong></span> <span class='ocrx_word' id='word_1_20' title='bbox 1227 952 1406 1030; x_wconf 81' lang='lat' dir='ltr'><strong>eventa</strong></span> <span class='ocrx_word' id='word_1_21' title='bbox 1433 967 1626 1030; x_wconf 86' lang='lat' dir='ltr'><strong>vocare.</strong></span> 
     </span>
     <span class='ocr_line' id='line_1_5' title="bbox 428 1099 1811 1241; baseline 0.004 -37"><span class='ocrx_word' id='word_1_22' title='bbox 428 1103 655 1241; x_wconf 83' lang='lat' dir='ltr'>Tempus</span> <span class='ocrx_word' id='word_1_23' title='bbox 684 1104 805 1204; x_wconf 89' lang='lat' dir='ltr'><strong>item</strong></span> <span class='ocrx_word' id='word_1_24' title='bbox 833 1139 927 1240; x_wconf 93' lang='lat' dir='ltr'><strong>per</strong></span> <span class='ocrx_word' id='word_1_25' title='bbox 957 1141 1007 1202; x_wconf 90' lang='lat' dir='ltr'><strong>se</strong></span> <span class='ocrx_word' id='word_1_26' title='bbox 1037 1140 1139 1201; x_wconf 91' lang='lat' dir='ltr'><strong>non</strong></span> <span class='ocrx_word' id='word_1_27' title='bbox 1171 1124 1262 1221; x_wconf 87' lang='lat' dir='ltr'><strong>est,</strong></span> <span class='ocrx_word' id='word_1_28' title='bbox 1297 1101 1383 1200; x_wconf 89' lang='lat' dir='ltr'><strong>sed</strong></span> <span class='ocrx_word' id='word_1_29' title='bbox 1414 1099 1566 1201; x_wconf 89' lang='lat' dir='ltr'><strong>rebus</strong></span> <span class='ocrx_word' id='word_1_30' title='bbox 1596 1099 1660 1201; x_wconf 88' lang='lat' dir='ltr'><strong>ab</strong></span> <span class='ocrx_word' id='word_1_31' title='bbox 1690 1100 1811 1237; x_wconf 78' lang='lat' dir='ltr'><strong>ipsis</strong></span> 
     </span>
     <span class='ocr_line' id='line_1_6' title="bbox 364 1275 1752 1416; baseline -0.003 -38"><span class='ocrx_word' id='word_1_32' title='bbox 364 1275 708 1416; x_wconf 85' lang='lat' dir='ltr'><strong>Consequitur</strong></span> <span class='ocrx_word' id='word_1_33' title='bbox 736 1302 926 1397; x_wconf 84' lang='lat' dir='ltr'><strong>sensus,</strong></span> <span class='ocrx_word' id='word_1_34' title='bbox 956 1299 1264 1376; x_wconf 88' lang='lat' dir='ltr'><strong>transactum</strong></span> <span class='ocrx_word' id='word_1_35' title='bbox 1296 1275 1422 1413; x_wconf 92' lang='lat' dir='ltr'><strong>quid</strong></span> <span class='ocrx_word' id='word_1_36' title='bbox 1452 1276 1517 1375; x_wconf 89' lang='lat' dir='ltr'><strong>sit</strong></span> <span class='ocrx_word' id='word_1_37' title='bbox 1544 1277 1595 1376; x_wconf 91' lang='lat' dir='ltr'><strong>in</strong></span> <span class='ocrx_word' id='word_1_38' title='bbox 1627 1313 1752 1397; x_wconf 90' lang='lat' dir='ltr'><strong>aevo,</strong></span> 
     </span>
     <span class='ocr_line' id='line_1_7' title="bbox 358 1448 1805 1588; baseline 0 -38"><span class='ocrx_word' id='word_1_39' title='bbox 358 1448 493 1551; x_wconf 90' lang='lat' dir='ltr'><strong>Tum</strong></span> <span class='ocrx_word' id='word_1_40' title='bbox 524 1488 643 1588; x_wconf 85' lang='lat' dir='ltr'><strong>quae</strong></span> <span class='ocrx_word' id='word_1_41' title='bbox 673 1487 751 1549; x_wconf 87' lang='lat' dir='ltr'><strong>res</strong></span> <span class='ocrx_word' id='word_1_42' title='bbox 779 1449 949 1571; x_wconf 88' lang='lat' dir='ltr'><strong>instet,</strong></span> <span class='ocrx_word' id='word_1_43' title='bbox 977 1448 1102 1587; x_wconf 92' lang='lat' dir='ltr'><strong>quid</strong></span> <span class='ocrx_word' id='word_1_44' title='bbox 1135 1486 1286 1585; x_wconf 89' lang='lat' dir='ltr'><strong>porro</strong></span> <span class='ocrx_word' id='word_1_45' title='bbox 1320 1448 1504 1548; x_wconf 87' lang='lat' dir='ltr'><strong>deinde</strong></span> <span class='ocrx_word' id='word_1_46' title='bbox 1534 1471 1805 1586; x_wconf 90' lang='lat' dir='ltr'><strong>sequatur:</strong></span> 
     </span>
     <span class='ocr_line' id='line_1_8' title="bbox 362 1621 1846 1761; baseline 0.001 -37"><span class='ocrx_word' id='word_1_47' title='bbox 362 1621 415 1724; x_wconf 91' lang='lat' dir='ltr'>N</span> <span class='ocrx_word' id='word_1_48' title='bbox 419 1662 475 1724; x_wconf 86' lang='lat' dir='ltr'><strong>ec</strong></span> <span class='ocrx_word' id='word_1_49' title='bbox 504 1661 597 1761; x_wconf 90' lang='lat' dir='ltr'><strong>per</strong></span> <span class='ocrx_word' id='word_1_50' title='bbox 625 1660 677 1723; x_wconf 91' lang='lat' dir='ltr'><strong>se</strong></span> <span class='ocrx_word' id='word_1_51' title='bbox 706 1659 1020 1761; x_wconf 83' lang='lat' dir='ltr'><strong>quemquam</strong></span> <span class='ocrx_word' id='word_1_52' title='bbox 1049 1642 1250 1758; x_wconf 87' lang='lat' dir='ltr'><strong>tempus</strong></span> <span class='ocrx_word' id='word_1_53' title='bbox 1281 1623 1464 1722; x_wconf 88' lang='lat' dir='ltr'><strong>sentire</strong></span> <span class='ocrx_word' id='word_1_54' title='bbox 1480 1622 1742 1725; x_wconf 83' lang='lat' dir='ltr'><strong>latendum</strong></span> <span class='ocrx_word' id='word_1_55' title='bbox 1769 1647 1846 1726; x_wconf 89' lang='lat' dir='ltr'><strong>est</strong></span> 
     </span>
     <span class='ocr_line' id='line_1_9' title="bbox 361 1778 1744 1936; baseline -0.002 -36"><span class='ocrx_word' id='word_1_56' title='bbox 361 1799 620 1903; x_wconf 84' lang='lat' dir='ltr'><strong>Semotum</strong></span> <span class='ocrx_word' id='word_1_57' title='bbox 655 1778 916 1902; x_wconf 70' lang='lat' dir='ltr'><strong>abrorum</strong></span> <span class='ocrx_word' id='word_1_58' title='bbox 946 1822 1105 1918; x_wconf 92' lang='lat' dir='ltr'><strong>motu,</strong></span> <span class='ocrx_word' id='word_1_59' title='bbox 1137 1796 1440 1935; x_wconf 89' lang='lat' dir='ltr'><strong>placidaque</strong></span> <span class='ocrx_word' id='word_1_60' title='bbox 1472 1798 1660 1936; x_wconf 88' lang='lat' dir='ltr'><strong>quiete.</strong></span> <span class='ocrx_word' id='word_1_61' title='bbox 1741 1864 1744 1871; x_wconf 93' lang='lat'>-</span> 
     </span>
     <span class='ocr_line' id='line_1_10' title="bbox 428 1970 1809 2114; baseline -0.001 -39"><span class='ocrx_word' id='word_1_62' title='bbox 428 1972 669 2113; x_wconf 88' lang='lat' dir='ltr'><strong>Denique</strong></span> <span class='ocrx_word' id='word_1_63' title='bbox 695 1972 1042 2114; x_wconf 83' lang='lat' dir='ltr'><strong>Tyndaridem</strong></span> <span class='ocrx_word' id='word_1_64' title='bbox 1070 1994 1283 2108; x_wconf 85' lang='lat' dir='ltr'><strong>raptam,</strong></span> <span class='ocrx_word' id='word_1_65' title='bbox 1313 1970 1552 2109; x_wconf 89' lang='lat' dir='ltr'><strong>belloque</strong></span> <span class='ocrx_word' id='word_1_66' title='bbox 1578 1970 1809 2075; x_wconf 87' lang='lat' dir='ltr'><strong>subactas</strong></span> 
     </span>
     <span class='ocr_line' id='line_1_11' title="bbox 357 2142 1928 2286; baseline 0.001 -41"><span class='ocrx_word' id='word_1_67' title='bbox 357 2142 672 2284; x_wconf 88' lang='lat' dir='ltr'><strong>Trojugenas</strong></span> <span class='ocrx_word' id='word_1_68' title='bbox 702 2149 898 2285; x_wconf 89' lang='lat' dir='ltr'><strong>genteis</strong></span> <span class='ocrx_word' id='word_1_69' title='bbox 928 2146 1419 2286; x_wconf 85' lang='lat' dir='ltr'><strong>quumdiountesse,</strong></span> <span class='ocrx_word' id='word_1_70' title='bbox 1450 2146 1729 2248; x_wconf 88' lang='lat' dir='ltr'><strong>videndum</strong></span> <span class='ocrx_word' id='word_1_71' title='bbox 1749 2167 1840 2268; x_wconf 89' lang='lat' dir='ltr'><strong>est,</strong></span> <span class='ocrx_word' id='word_1_72' title='bbox 1925 2196 1928 2201; x_wconf 94' lang='lat'>·</span> 
     </span>
     <span class='ocr_line' id='line_1_12' title="bbox 359 2315 1616 2459; baseline -0.002 -39"><span class='ocrx_word' id='word_1_73' title='bbox 359 2316 413 2420; x_wconf 90' lang='lat' dir='ltr'>N</span> <span class='ocrx_word' id='word_1_74' title='bbox 417 2359 444 2420; x_wconf 92' lang='lat' dir='ltr'><strong>e</strong></span> <span class='ocrx_word' id='word_1_75' title='bbox 473 2319 603 2422; x_wconf 88' lang='lat' dir='ltr'><strong>forte</strong></span> <span class='ocrx_word' id='word_1_76' title='bbox 631 2319 741 2422; x_wconf 90' lang='lat' dir='ltr'><strong>haec</strong></span> <span class='ocrx_word' id='word_1_77' title='bbox 769 2358 862 2459; x_wconf 90' lang='lat' dir='ltr'><strong>per</strong></span> <span class='ocrx_word' id='word_1_78' title='bbox 890 2359 941 2419; x_wconf 90' lang='lat' dir='ltr'><strong>se</strong></span> <span class='ocrx_word' id='word_1_79' title='bbox 970 2343 1155 2459; x_wconf 85' lang='lat' dir='ltr'><strong>cogant</strong></span> <span class='ocrx_word' id='word_1_80' title='bbox 1185 2357 1276 2419; x_wconf 91' lang='lat' dir='ltr'><strong>nos</strong></span> <span class='ocrx_word' id='word_1_81' title='bbox 1303 2355 1409 2418; x_wconf 87' lang='lat' dir='ltr'><strong>esse</strong></span> <span class='ocrx_word' id='word_1_82' title='bbox 1438 2315 1616 2444; x_wconf 88' lang='lat' dir='ltr'><strong>fateri;</strong></span> 
     </span>
     <span class='ocr_line' id='line_1_13' title="bbox 360 2488 1840 2636; baseline -0.001 -42"><span class='ocrx_word' id='word_1_83' title='bbox 360 2490 582 2613; x_wconf 81' lang='lat' dir='ltr'><strong>Quando</strong></span> <span class='ocrx_word' id='word_1_84' title='bbox 597 2531 655 2593; x_wconf 88' lang='lat' dir='ltr'><strong>ea</strong></span> <span class='ocrx_word' id='word_1_85' title='bbox 669 2495 817 2595; x_wconf 87' lang='lat' dir='ltr'><strong>saecla</strong></span> <span class='ocrx_word' id='word_1_86' title='bbox 830 2494 1111 2618; x_wconf 90' lang='lat' dir='ltr'><strong>hominnm,</strong></span> <span class='ocrx_word' id='word_1_87' title='bbox 1132 2529 1351 2636; x_wconf 89' lang='lat' dir='ltr'><strong>quorum</strong></span> <span class='ocrx_word' id='word_1_88' title='bbox 1367 2488 1476 2592; x_wconf 89' lang='lat' dir='ltr'><strong>haec</strong></span> <span class='ocrx_word' id='word_1_89' title='bbox 1495 2513 1674 2593; x_wconf 88' lang='lat' dir='ltr'><strong>eventa</strong></span> <span class='ocrx_word' id='word_1_90' title='bbox 1682 2489 1840 2613; x_wconf 87' lang='lat' dir='ltr'><strong>fuere,</strong></span> 
     </span>
     <span class='ocr_line' id='line_1_14' title="bbox 359 2663 1581 2811; baseline 0.002 -45"><span class='ocrx_word' id='word_1_91' title='bbox 359 2663 706 2768; x_wconf 81' lang='lat' dir='ltr'><strong>Irrevocabilis</strong></span> <span class='ocrx_word' id='word_1_92' title='bbox 734 2667 999 2770; x_wconf 84' lang='lat' dir='ltr'><strong>abstulerit</strong></span> <span class='ocrx_word' id='word_1_93' title='bbox 1019 2671 1126 2808; x_wconf 91' lang='lat' dir='ltr'><strong>jam</strong></span> <span class='ocrx_word' id='word_1_94' title='bbox 1155 2667 1415 2811; x_wconf 86' lang='lat' dir='ltr'><strong>praeterita</strong></span> <span class='ocrx_word' id='word_1_95' title='bbox 1444 2689 1581 2768; x_wconf 84' lang='lat' dir='ltr'><strong>aetas.</strong></span> 
     </span>
    </p>
   </div>
   <div class='ocr_carea' id='block_1_3' title="bbox 82 2832 1613 2982">
    <p class='ocr_par' dir='ltr' id='par_1_3' title="bbox 82 2832 1613 2982">
     <span class='ocr_line' id='line_1_15' title="bbox 82 2832 1613 2982; baseline 0 -40"><span class='ocrx_word' id='word_1_96' title='bbox 82 2866 84 2877; x_wconf 89' lang='lat'>&#39;</span> <span class='ocrx_word' id='word_1_97' title='bbox 220 2832 223 2837; x_wconf 32' lang='lat'><em>¹</em></span> <span class='ocrx_word' id='word_1_98' title='bbox 359 2836 602 2979; x_wconf 89' lang='lat' dir='ltr'><strong>Namque</strong></span> <span class='ocrx_word' id='word_1_99' title='bbox 631 2841 769 2942; x_wconf 88' lang='lat' dir='ltr'><strong>alind</strong></span> <span class='ocrx_word' id='word_1_100' title='bbox 800 2841 968 2964; x_wconf 84' lang='lat' dir='ltr'><strong>rebus,</strong></span> <span class='ocrx_word' id='word_1_101' title='bbox 999 2846 1138 2946; x_wconf 89' lang='lat' dir='ltr'><strong>aliud</strong></span> <span class='ocrx_word' id='word_1_102' title='bbox 1168 2840 1462 2982; x_wconf 88' lang='lat' dir='ltr'><strong>regionibus</strong></span> <span class='ocrx_word' id='word_1_103' title='bbox 1491 2842 1613 2979; x_wconf 88' lang='lat' dir='ltr'><strong>ipsis</strong></span> 
     </span>
    </p>
   </div>
   <div class='ocr_carea' id='block_1_4' title="bbox 357 3010 1935 4898">
    <p class='ocr_par' dir='ltr' id='par_1_4' title="bbox 357 3010 1935 4898">
     <span class='ocr_line' id='line_1_16' title="bbox 358 3010 1691 3157; baseline 0.005 -44"><span class='ocrx_word' id='word_1_104' title='bbox 358 3010 613 3117; x_wconf 89' lang='lat' dir='ltr'><strong>Eventum</strong></span> <span class='ocrx_word' id='word_1_105' title='bbox 643 3016 742 3116; x_wconf 90' lang='lat' dir='ltr'><strong>dici</strong></span> <span class='ocrx_word' id='word_1_106' title='bbox 771 3019 973 3154; x_wconf 89' lang='lat' dir='ltr'><strong>poterit,</strong></span> <span class='ocrx_word' id='word_1_107' title='bbox 1006 3018 1352 3157; x_wconf 89' lang='lat' dir='ltr'><strong>quodcunque</strong></span> <span class='ocrx_word' id='word_1_108' title='bbox 1382 3020 1478 3119; x_wconf 86' lang='lat' dir='ltr'><strong>erit</strong></span> <span class='ocrx_word' id='word_1_109' title='bbox 1506 3040 1691 3120; x_wconf 87' lang='lat' dir='ltr'><strong>actum.</strong></span> 
     </span>
     <span class='ocr_line' id='line_1_17' title="bbox 429 3186 1598 3326; baseline 0.002 -39"><span class='ocrx_word' id='word_1_110' title='bbox 429 3186 689 3326; x_wconf 84' lang='lat' dir='ltr'><strong>Denique,</strong></span> <span class='ocrx_word' id='word_1_111' title='bbox 715 3193 951 3292; x_wconf 89' lang='lat' dir='ltr'><strong>materies</strong></span> <span class='ocrx_word' id='word_1_112' title='bbox 975 3192 1017 3291; x_wconf 91' lang='lat' dir='ltr'><strong>si</strong></span> <span class='ocrx_word' id='word_1_113' title='bbox 1040 3230 1212 3292; x_wconf 89' lang='lat' dir='ltr'><strong>rerum</strong></span> <span class='ocrx_word' id='word_1_114' title='bbox 1238 3195 1380 3295; x_wconf 89' lang='lat' dir='ltr'><strong>nulla</strong></span> <span class='ocrx_word' id='word_1_115' title='bbox 1403 3192 1598 3311; x_wconf 87' lang='lat' dir='ltr'><strong>luisset,</strong></span> 
     </span>
     <span class='ocr_line' id='line_1_18' title="bbox 359 3360 1935 3506; baseline 0.001 -44"><span class='ocrx_word' id='word_1_116' title='bbox 359 3360 412 3462; x_wconf 95' lang='lat' dir='ltr'>N</span> <span class='ocrx_word' id='word_1_117' title='bbox 418 3400 474 3463; x_wconf 92' lang='lat' dir='ltr'><strong>ec</strong></span> <span class='ocrx_word' id='word_1_118' title='bbox 497 3362 655 3482; x_wconf 89' lang='lat' dir='ltr'><strong>locus,</strong></span> <span class='ocrx_word' id='word_1_119' title='bbox 679 3401 735 3463; x_wconf 89' lang='lat' dir='ltr'><strong>ao</strong></span> <span class='ocrx_word' id='word_1_120' title='bbox 755 3366 993 3502; x_wconf 88' lang='lat' dir='ltr'><strong>spatium,</strong></span> <span class='ocrx_word' id='word_1_121' title='bbox 1015 3404 1094 3466; x_wconf 91' lang='lat' dir='ltr'><strong>res</strong></span> <span class='ocrx_word' id='word_1_122' title='bbox 1112 3367 1166 3464; x_wconf 91' lang='lat' dir='ltr'><strong>in</strong></span> <span class='ocrx_word' id='word_1_123' title='bbox 1185 3405 1289 3505; x_wconf 91' lang='lat' dir='ltr'><strong>quo</strong></span> <span class='ocrx_word' id='word_1_124' title='bbox 1309 3402 1534 3506; x_wconf 84' lang='lat' dir='ltr'><strong>quaeque</strong></span> <span class='ocrx_word' id='word_1_125' title='bbox 1554 3386 1837 3501; x_wconf 82' lang='lat' dir='ltr'><strong>geruntur3</strong></span> <span class='ocrx_word' id='word_1_126' title='bbox 1932 3418 1935 3423; x_wconf 94' lang='lat'>·</span> 
     </span>
     <span class='ocr_line' id='line_1_19' title="bbox 359 3533 1650 3676; baseline 0.002 -39"><span class='ocrx_word' id='word_1_127' title='bbox 359 3533 647 3676; x_wconf 88' lang='lat' dir='ltr'><strong>Nunquam</strong></span> <span class='ocrx_word' id='word_1_128' title='bbox 670 3535 979 3676; x_wconf 87' lang='lat' dir='ltr'><strong>Tyndaridis</strong></span> <span class='ocrx_word' id='word_1_129' title='bbox 1003 3540 1179 3641; x_wconf 88' lang='lat' dir='ltr'><strong>formae</strong></span> <span class='ocrx_word' id='word_1_130' title='bbox 1204 3543 1455 3643; x_wconf 89' lang='lat' dir='ltr'><strong>conflatus</strong></span> <span class='ocrx_word' id='word_1_131' title='bbox 1480 3576 1650 3640; x_wconf 89' lang='lat' dir='ltr'><strong>amore</strong></span> 
     </span>
     <span class='ocr_line' id='line_1_20' title="bbox 359 3711 1653 3854; baseline 0.001 -42"><span class='ocrx_word' id='word_1_132' title='bbox 359 3711 500 3851; x_wconf 86' lang='lat' dir='ltr'><strong>Ignis</strong></span> <span class='ocrx_word' id='word_1_133' title='bbox 522 3712 805 3813; x_wconf 82' lang='lat' dir='ltr'><strong>Alexandri</strong></span> <span class='ocrx_word' id='word_1_134' title='bbox 831 3713 1058 3854; x_wconf 90' lang='lat' dir='ltr'><strong>Phrygio</strong></span> <span class='ocrx_word' id='word_1_135' title='bbox 1085 3713 1179 3814; x_wconf 90' lang='lat' dir='ltr'><strong>sub</strong></span> <span class='ocrx_word' id='word_1_136' title='bbox 1204 3740 1411 3852; x_wconf 82' lang='lat' dir='ltr'><strong>pectore</strong></span> <span class='ocrx_word' id='word_1_137' title='bbox 1435 3716 1653 3854; x_wconf 86' lang='lat' dir='ltr'><strong>gliscens</strong></span> 
     </span>
     <span class='ocr_line' id='line_1_21' title="bbox 360 3884 1465 3991; baseline 0.002 -3"><span class='ocrx_word' id='word_1_138' title='bbox 360 3884 511 3989; x_wconf 89' lang='lat' dir='ltr'><strong>Clara</strong></span> <span class='ocrx_word' id='word_1_139' title='bbox 535 3888 846 3990; x_wconf 87' lang='lat' dir='ltr'><strong>accendisset</strong></span> <span class='ocrx_word' id='word_1_140' title='bbox 870 3890 987 3989; x_wconf 88' lang='lat' dir='ltr'><strong>saevi</strong></span> <span class='ocrx_word' id='word_1_141' title='bbox 1013 3892 1289 3991; x_wconf 85' lang='lat' dir='ltr'><strong>certamina</strong></span> <span class='ocrx_word' id='word_1_142' title='bbox 1311 3890 1465 3991; x_wconf 89' lang='lat' dir='ltr'><strong>belli:</strong></span> 
     </span>
     <span class='ocr_line' id='line_1_22' title="bbox 357 4059 1548 4201; baseline -0.002 -38"><span class='ocrx_word' id='word_1_143' title='bbox 357 4059 472 4164; x_wconf 91' lang='lat' dir='ltr'><strong>Neo</strong></span> <span class='ocrx_word' id='word_1_144' title='bbox 498 4065 625 4163; x_wconf 89' lang='lat' dir='ltr'><strong>clam</strong></span> <span class='ocrx_word' id='word_1_145' title='bbox 651 4063 895 4162; x_wconf 84' lang='lat' dir='ltr'><strong>durateus</strong></span> <span class='ocrx_word' id='word_1_146' title='bbox 917 4059 1089 4200; x_wconf 87' lang='lat' dir='ltr'><strong>Trojai</strong></span> <span class='ocrx_word' id='word_1_147' title='bbox 1116 4060 1365 4201; x_wconf 87' lang='lat' dir='ltr'><strong>Pergama</strong></span> <span class='ocrx_word' id='word_1_148' title='bbox 1388 4084 1548 4199; x_wconf 87' lang='lat' dir='ltr'><strong>partu-</strong></span> 
     </span>
     <span class='ocr_line' id='line_1_23' title="bbox 357 4234 1666 4375; baseline -0.002 -38"><span class='ocrx_word' id='word_1_149' title='bbox 357 4234 729 4365; x_wconf 87' lang='lat' dir='ltr'><strong>Inflammasset</strong></span> <span class='ocrx_word' id='word_1_150' title='bbox 753 4274 919 4374; x_wconf 90' lang='lat' dir='ltr'><strong>equus</strong></span> <span class='ocrx_word' id='word_1_151' title='bbox 943 4261 1194 4337; x_wconf 88' lang='lat' dir='ltr'><strong>nocturno</strong></span> <span class='ocrx_word' id='word_1_152' title='bbox 1222 4235 1666 4375; x_wconf 85' lang='lat' dir='ltr'><strong>Grajugenarum:</strong></span> 
     </span>
     <span class='ocr_line' id='line_1_24' title="bbox 357 4408 1703 4548; baseline -0.002 -37"><span class='ocrx_word' id='word_1_153' title='bbox 357 4409 651 4546; x_wconf 89' lang='lat' dir='ltr'><strong>Perspicere</strong></span> <span class='ocrx_word' id='word_1_154' title='bbox 677 4432 736 4509; x_wconf 92' lang='lat' dir='ltr'><strong>ut</strong></span> <span class='ocrx_word' id='word_1_155' title='bbox 761 4410 920 4545; x_wconf 89' lang='lat' dir='ltr'><strong>possis</strong></span> <span class='ocrx_word' id='word_1_156' title='bbox 945 4434 1025 4508; x_wconf 86' lang='lat' dir='ltr'><strong>res</strong></span> <span class='ocrx_word' id='word_1_157' title='bbox 1048 4433 1217 4548; x_wconf 85' lang='lat' dir='ltr'><strong>gestas</strong></span> <span class='ocrx_word' id='word_1_158' title='bbox 1241 4409 1475 4511; x_wconf 88' lang='lat' dir='ltr'><strong>funditus</strong></span> <span class='ocrx_word' id='word_1_159' title='bbox 1500 4408 1703 4509; x_wconf 90' lang='lat' dir='ltr'><strong>omneis·</strong></span> 
     </span>
     <span class='ocr_line' id='line_1_25' title="bbox 358 4583 1658 4720; baseline -0.004 -35"><span class='ocrx_word' id='word_1_160' title='bbox 358 4583 480 4685; x_wconf 93' lang='lat' dir='ltr'><strong>Non</strong></span> <span class='ocrx_word' id='word_1_161' title='bbox 506 4587 592 4698; x_wconf 87' lang='lat' dir='ltr'><strong>ita,</strong></span> <span class='ocrx_word' id='word_1_162' title='bbox 616 4586 694 4685; x_wconf 90' lang='lat' dir='ltr'><strong>uti</strong></span> <span class='ocrx_word' id='word_1_163' title='bbox 720 4621 919 4720; x_wconf 70' lang='lat' dir='ltr'><strong>corpus</strong></span> <span class='ocrx_word' id='word_1_164' title='bbox 947 4619 1116 4719; x_wconf 87' lang='lat' dir='ltr'><strong>perse</strong></span> <span class='ocrx_word' id='word_1_165' title='bbox 1141 4608 1387 4704; x_wconf 85' lang='lat' dir='ltr'><strong>constare,</strong></span> <span class='ocrx_word' id='word_1_166' title='bbox 1413 4621 1507 4683; x_wconf 90' lang='lat' dir='ltr'><strong>nec</strong></span> <span class='ocrx_word' id='word_1_167' title='bbox 1534 4619 1658 4702; x_wconf 88' lang='lat' dir='ltr'><strong>esse,</strong></span> 
     </span>
     <span class='ocr_line' id='line_1_26' title="bbox 359 4757 1663 4898; baseline -0.003 -37"><span class='ocrx_word' id='word_1_168' title='bbox 359 4759 473 4862; x_wconf 90' lang='lat' dir='ltr'><strong>Nec</strong></span> <span class='ocrx_word' id='word_1_169' title='bbox 494 4762 689 4861; x_wconf 89' lang='lat' dir='ltr'><strong>ratione</strong></span> <span class='ocrx_word' id='word_1_170' title='bbox 715 4759 884 4860; x_wconf 89' lang='lat' dir='ltr'><strong>cluere</strong></span> <span class='ocrx_word' id='word_1_171' title='bbox 911 4757 1104 4879; x_wconf 87' lang='lat' dir='ltr'><strong>eadem,</strong></span> <span class='ocrx_word' id='word_1_172' title='bbox 1132 4796 1237 4898; x_wconf 89' lang='lat' dir='ltr'><strong>qua</strong></span> <span class='ocrx_word' id='word_1_173' title='bbox 1261 4783 1458 4863; x_wconf 90' lang='lat' dir='ltr'><strong>constat</strong></span> <span class='ocrx_word' id='word_1_174' title='bbox 1482 4761 1663 4879; x_wconf 86' lang='lat' dir='ltr'><strong>inane3</strong></span> 
     </span>
    </p>
   </div>
   <div class='ocr_carea' id='block_1_5' title="bbox 0 0 2220 5984">
    <p class='ocr_par' dir='ltr' id='par_1_5' title="bbox 0 0 2220 5984">
     <span class='ocr_line' id='line_1_27' title="bbox 0 0 2220 5984; baseline 0 0"><span class='ocrx_word' id='word_1_175' title='bbox 0 0 2220 5984; x_wconf 95' lang='lat' dir='ltr'><strong> </strong></span> 
     </span>
    </p>
   </div>
  </div>
 </body>
</html>
