4432 5984
680 421 963 512 urana
1025 421 1431 515 rsarlos.
1757 382 1852 512 105

361 678 721 820 iracundaque
747 718 889 780 mens
909 680 1054 782 facile
1074 677 1352 784 effervescit
1377 681 1428 778 iu
1455 680 1558 801 ira;

365 851 484 972 Quo
510 892 696 992 genere
721 854 774 954 in
800 856 976 991 primis
1000 859 1075 958 vis
1101 864 1177 956 est
1194 856 1418 956 violenta
1442 854 1664 970 leonum,

363 1025 577 1127 Pectora
603 1029 692 1167 qui
718 1026 924 1129 fremitu
950 1051 1201 1166 rumpunt
1224 1027 1527 1167 plerumque
1552 1057 1831 1169 gementes,

363 1198 478 1302 Nec
505 1240 684 1339 capere
711 1203 899 1304 irarum
926 1205 1113 1304 fluctus
1138 1204 1193 1302 in
1217 1224 1421 1339 pectore
1446 1229 1675 1340 possunt.

360 1373 433 1474 At
457 1398 662 1476 ventosa
687 1377 848 1515 magis
872 1417 1135 1480 cervorum
1159 1376 1348 1515 frigida
1372 1413 1513 1477 mens
1539 1402 1631 1498 est,

362 1546 431 1649 Et
455 1550 648 1688 gelidas
673 1552 820 1652 citius
845 1589 938 1689 per
963 1554 1152 1655 viscera
1177 1552 1395 1652 concitat
1419 1592 1593 1678 auras3

362 1721 495 1843 Quae
522 1726 797 1825 tremulum
823 1719 1019 1828 faciunt
1043 1724 1282 1827 membris
1307 1728 1546 1830 exsistere
1573 1750 1782 1832 motum.

359 1902 434 2000 At
459 1923 635 2003 natura
665 1898 821 2001 bourn
846 1883 1048 2037 placido
1073 1901 1236 2036 magis
1260 1903 1377 2000 aere
1403 1903 1539 2022 vivit,

362 2073 476 2175 Nec
497 2075 646 2174 nimis
672 2077 765 2175 irai
792 2075 878 2174 sax
898 2112 1125 2214 unquam
1151 2072 1543 2212 subditapercit

362 2248 579 2350 Fumida
604 2246 903 2352 suffundens
929 2290 1075 2353 caecae
1101 2250 1331 2387 caliginis
1355 2247 1591 2374 umbras3

362 2422 475 2525 Nec
500 2423 660 2561 gelidi
687 2445 856 2562 torpet
874 2425 992 2525 telis
1018 2425 1215 2562 perfixa
1239 2424 1466 2560 pavoris:

359 2596 502 2699 luter
521 2620 766 2738 utrosque
786 2599 881 2698 sita
905 2620 997 2718 est,
1024 2635 1211 2718 cervos,
1240 2635 1499 2737 saevosque
1522 2600 1711 2704 leones,

429 2773 512 2875 Sic
537 2774 802 2876 hominum
828 2766 989 2913 genus
1015 2795 1105 2892 est,
1138 2775 1368 2911 quamvis
1394 2773 1623 2877 doctrina
1649 2779 1834 2915 politos

362 2945 653 3050 Constituat
675 2951 867 3089 pariter
893 2948 1157 3086 quosdam,
1185 2971 1355 3049 tamen
1381 2949 1471 3050 illa
1495 2953 1747 3094 relinquit

361 3121 579 3224 Naturae
605 3124 894 3263 quujusque
920 3124 1102 3224 animae
1129 3125 1343 3261 vestigia
1366 3124 1547 3262 prirna,

222 3318 228 3327 '
360 3295 474 3398 Nec
500 3299 742 3399 radicitus
768 3299 913 3399 evelli
939 3300 1071 3398 mala
1094 3335 1240 3435 posse
1265 3297 1551 3433 putandum
1578 3322 1669 3421 est,

360 3471 500 3593 Quin
527 3475 799 3612 proclivius
824 3471 907 3575 hic
932 3473 1031 3572 iras
1057 3471 1294 3573 decurrat
1318 3471 1382 3571 ad
1407 3475 1581 3596 aereiS,
1633 3554 1644 3571 .

278 3700 283 3707 ·
359 3644 453 3748 Ille
480 3672 617 3749 metu
645 3648 791 3748 citius
816 3646 996 3785 paullo
1021 3666 1264 3765 tentetur,
1293 3667 1344 3744 at
1369 3647 1455 3746 ille

356 3822 560 3925 Tertius
586 3825 800 3962 accipiat
825 3821 1063 3962 quaedam
1092 3819 1388 3920 clementius
1414 3860 1580 3959 aequo.

359 3997 527 4138 lnque
554 4000 662 4100 aliis
687 3997 841 4099 rebus
865 3998 1041 4098 multis
1067 3993 1273 4097 differre
1300 4032 1502 4096 necesse
1528 4020 1605 4097 est

361 4173 586 4277 Naturas
612 4172 874 4344 hominupn
902 4169 1078 4291 varias,
1106 4207 1375 4309 moresque
1403 4171 1692 4309 sequaceis3

361 4348 594 4469 Quorum
620 4387 716 4487 ego
741 4384 878 4447 nunc
904 4381 1104 4483 nequeo
1128 4382 1285 4446 caecas
1310 4383 1563 4484 exponere
1590 4383 1778 4464 causas,

286 4530 292 4541 ’
359 4524 411 4627 N
416 4565 472 4626 ec
492 4527 712 4663 reperire
738 4523 1017 4661 figurarum
1042 4520 1359 4638 totnomina,
1387 4544 1515 4659 quot
1539 4543 1659 4621 sunt
1811 4528 1814 4533 ’

358 4698 629 4839 Principiis
653 4696 793 4799 unde
819 4695 928 4799 haec
954 4697 1118 4798 oritur
1140 4697 1385 4798 variantia
1409 4732 1597 4796 rerum.

359 4874 497 4976 Illud
521 4875 572 4974 in
599 4872 677 4974 his
702 4871 854 4975 rebus
877 4872 1025 4974 video
1050 4872 1253 4976 firmare
1278 4895 1500 5012 potesse·
1631 4950 1635 4957 .

356 5048 538 5190 Usque
564 5049 690 5151 adeo
715 5070 1012 5150 naturarum
1035 5050 1249 5190 vestigia
1273 5047 1440 5187 linqui

1099 5235 1118 5278 ι
