4432 5984
714 315 996 464 menn
1042 363 1544 478 *succubus
1780 352 1908 472 ‘67-

327 628 601 771 Namque
627 631 738 734 aliis
763 629 904 734 aliud
929 629 1254 769 praestantius
1279 649 1590 730 exureretur.

428 804 625 907 Cedere
653 806 774 907 item
799 829 936 907 retro
961 826 1168 942 possent
1191 805 1246 903 in
1272 802 1545 903 deteriores

358 979 549 1090 Omnia
573 981 642 1082 sic
666 981 874 1119 parteis,
900 1003 960 1083 ut
986 979 1207 1081 diximus
1233 979 1284 1078 in
1310 980 1571 1081 meliores:

358 1154 602 1296 Namque
628 1156 737 1257 aliis
756 1156 896 1258 aliud
920 1178 1057 1256 retro
1084 1191 1292 1293 quoque
1312 1154 1493 1254 tetrius
1516 1174 1648 1252 esset

358 1329 604 1452 Naribus,
632 1328 858 1451 auribus,
885 1351 1041 1468 atque
1065 1329 1241 1448 oculis,
1268 1329 1473 1469 orisque
1499 1327 1680 1466 sapori.

431 1503 566 1626 Quae
585 1505 827 1643 quoniam
854 1543 955 1605 non
976 1526 1096 1605 sunt
1118 1505 1172 1604 in
1199 1502 1350 1606 rebus
1375 1503 1591 1624 reddita,
1619 1523 1756 1604 certa
1779 1523 1832 1603 et

359 1678 503 1782 Finis
523 1681 782 1819 utrimque
806 1702 948 1780 tenet
972 1717 1250 1802 summam3
1288 1678 1479 1780 fateare
1504 1717 1706 1782 necesse
1730 1702 1807 1782 est

358 1852 631 1957 Materiam
656 1894 866 1996 qunque
885 1854 1041 1955 finitis
1067 1849 1271 1953 differre
1297 1853 1489 1993 figuris.

428 2027 688 2169 Denique,
716 2029 781 2131 ab
802 2027 1008 2170 ignibus
1032 2027 1095 2129 ad
1114 2031 1310 2168 gelidas
1335 2030 1619 2173 hiemisque
1645 2034 1856 2172 pruinas

360 2199 705 2326 Finitumest,
726 2227 966 2344 retroque
985 2205 1096 2344 pari
1122 2204 1318 2306 ratione
1341 2244 1631 2308 remensum
1657 2230 1748 2310 cst.

360 2375 499 2479 Finit
523 2379 658 2480 enim
684 2378 835 2500 calor,
863 2378 1123 2518 amingus,
1151 2380 1410 2519 mediique
1431 2402 1632 2519 tepores

358 2551 503 2654 Inter
528 2576 805 2693 utrumque
823 2553 1013 2691 jacent,
1034 2557 1298 2695 explentes
1321 2555 1501 2657 ordine
1527 2593 1805 2674 summam:

359 2724 499 2867 Ergo
525 2727 671 2829 finita
697 2729 888 2829 distant
911 2729 1107 2842 ratione
1129 2751 1312 2850 creata,

357 2904 588 3043 Ancipiti
608 2904 850 3042 quoniam
875 2942 1116 3007 mucrone
1141 2905 1401 3043 utrimque
1419 2927 1677 3030 notantur,

189 3097 192 3101 ’
359 3076 498 3180 Hinc
519 3080 752 3201 flammis,
779 3079 918 3181 illinc
944 3077 1122 3216 rigidis
1148 3080 1336 3180 insessa
1359 3080 1575 3218 pruinis.

432 3251 590 3374 Quod
606 3255 849 3393 quoniam
868 3253 1034 3374 docui,
1050 3290 1262 3393 pergam
1277 3276 1575 3356 connectere
1593 3293 1717 3379 rem,
1739 3293 1857 3398 quae

363 3422 445 3527 Ex
471 3426 567 3530 hoc
593 3448 713 3565 apta
737 3426 892 3529 fidem
912 3426 1082 3528 ducit:
1122 3428 1400 3564 primordia
1423 3466 1611 3554 rerum,

362 3600 505 3705 Inter
531 3640 583 3703 se
609 3602 760 3702 simili
786 3639 905 3739 quae
932 3623 1052 3702 sunt
1075 3601 1301 3740 perfecta
1325 3601 1507 3743 figura,
1556 3598 1560 3606 ¹

362 3773 571 3877 Infinita
595 3777 799 3878 cluere:
836 3775 1024 3876 etenim
1051 3775 1290 3877 distantia
1316 3815 1472 3918 quom
1499 3780 1565 3881 sit

367 3947 664 4052 Formarum
683 3951 845 4071 finita,
871 3988 1071 4052 necesse
1097 3975 1189 4072 est,
1217 3989 1336 4090 quae
1361 3955 1548 4057 similes
1566 3955 1682 4076 sint,

363 4120 486 4222 Esse
512 4122 768 4249 infinitas3
802 4148 893 4226 aut
916 4105 1171 4228 summam
1187 4127 1416 4228 materiai

364 4295 585 4400 Finitam
605 4321 863 4402 constare:
901 4298 956 4399 id
982 4299 1118 4436 quod
1141 4337 1369 4401 non-csse
1396 4299 1621 4440 probavi.

437 4466 589 4588 Quod
613 4471 856 4609 quoniam
875 4471 1041 4594 docui,
1058 4474 1545 4614 nunc-suaviloquis&
1553 4513 1664 4615 age,
1684 4476 1858 4616 paucis

365 4640 610 4746 Versibus
628 4642 908 4767 ostendam,
935 4648 1235 4787 corpuscula
1259 4650 1486 4750 materiai

366 4818 449 4924 Ex
474 4821 674 4927 infinito
699 4860 946 4925 summum
971 4862 1142 4925 rerum
1167 4862 1330 4964 usque
1354 4846 1551 4945 tenere,

360 4993 612 5137 Undique
637 4997 840 5137 protelo
863 4999 1136 5139 plagarum
1159 4998 1468 5104 continuato.
