4432 5984
359 390 432 491 84
671 400 730 488 Τ.
799 397 1234 491 LUCRETII
1299 400 1532 493 CARI·

362 655 542 759 Donec
566 658 797 758 materies
822 659 1014 760 omneis
1040 688 1278 761 concussa
1302 699 1397 798 per
1420 682 1559 760 artus

360 829 573 932 Vitaleis
598 830 779 931 animae
798 833 958 934 nodos
982 872 1011 933 e
1036 872 1245 971 corpore
1272 835 1433 954 solvit,

364 1003 764 1145 Dispersamque
789 1003 921 1105 foras
945 1044 1040 1143 per
1064 1008 1232 1107 caulas
1257 1008 1393 1145 ejicit
1419 1008 1628 1109 omneis.
1781 1128 1788 1138 ¹

365 1178 419 1282 N
423 1219 504 1281 am
531 1177 656 1319 quid
685 1200 931 1314 praeterea
953 1180 1118 1282 facere
1138 1182 1293 1281 ictum
1318 1220 1463 1319 posse
1489 1220 1695 1284 reamur

367 1352 633 1475 Oblatum,
664 1353 760 1452 nisi
786 1353 1051 1474 discutere,
1079 1392 1137 1454 ao
1162 1355 1430 1456 dissolvere
1456 1358 1719 1496 quaequel

436 1528 518 1627 Fit
544 1564 768 1667 quoque,
794 1528 871 1626 uti
897 1529 1091 1628 soleant
1114 1529 1282 1629 minus
1307 1525 1478 1630 oblato
1504 1531 1687 1631 acriter
1711 1529 1840 1633 ictu
1888 1574 1894 1583 ·

366 1699 639 1840 Relliquiae
664 1721 831 1800 motus
855 1703 1018 1803 vitalis
1042 1704 1242 1803 vincere
1268 1741 1419 1839 saepe,

365 1876 584 1978 Vincere
614 1899 666 1977 et
692 1879 941 2015 ingenteis
965 1878 1132 2016 plagae
1158 1878 1331 1978 sedare
1355 1877 1622 2000 tumultus,

368 2050 534 2191 Inque
559 2060 672 2151 suos
699 2051 953 2191 quidquid
980 2090 1153 2152 rursus
1178 2089 1409 2154 revocare
1434 2060 1646 2175 meatim,

367 2224 440 2326 Et
463 2226 607 2362 quasi
625 2225 733 2362 jam
752 2223 880 2325 lethi
906 2226 1249 2325 dominantem
1267 2227 1321 2326 in
1346 2244 1556 2366 corpore
1575 2250 1783 2333 motum
1881 2320 1885 2327 .

369 2396 660 2518 Discutere,
688 2436 745 2499 ac
770 2436 921 2535 poene
946 2399 1149 2498 amissos
1175 2398 1448 2501 accendere
1474 2439 1662 2504 sensus.

222 2570 227 2589 ’
372 2572 510 2676 Nam
538 2611 696 2712 quare
720 2576 890 2711 potius
915 2570 1040 2672 lethi
1059 2571 1167 2709 jam
1191 2571 1364 2673 limine
1389 2573 1453 2674 ab
1479 2577 1591 2714 ipso

370 2746 452 2847 Ad
479 2749 633 2847 vitam
658 2749 853 2886 possint
877 2748 1104 2850 conlecta
1126 2770 1295 2849 mente
1319 2751 1519 2869 reverti,

374 2920 545 3042 Quam
572 2961 675 3060 quo
701 2923 967 3025 decursum
993 2960 1153 3059 prope
1171 2923 1279 3059 jam
1306 2923 1414 3045 siet,
1442 2925 1514 3025 ire
1540 2949 1593 3027 et
1616 2926 1802 3033 abire!

384 3165 386 3169 -
444 3094 712 3217 Praeterea,
741 3100 981 3235 quoniam
1007 3096 1151 3197 dolor
1174 3119 1264 3217 est,
1293 3094 1380 3196 ubi
1408 3102 1637 3204 materiai

377 3270 604 3407 Corpora
628 3271 677 3370 vi
703 3270 923 3407 quadam
942 3271 1238 3409 perviscera
1262 3270 1388 3391 viva,
1414 3309 1507 3408 per
1531 3296 1671 3377 artus

377 3442 655 3543 Sollicitata
680 3446 781 3544 suis
805 3445 1064 3582 trepidant
1088 3446 1141 3544 in
1167 3442 1370 3544 sedibus
1395 3446 1562 3570 intus3

378 3618 545 3759 Inque
563 3621 730 3721 locum
759 3618 964 3757 quando
983 3620 1276 3755 remigrant,
1296 3618 1356 3717 fit
1381 3615 1569 3721 blanda
1591 3623 1847 3764 voluptas
1868 3674 1884 3738 ε

380 3792 518 3893 Scire
544 3794 676 3914 licet,
703 3793 844 3893 nullo
869 3791 1145 3930 primordia
1170 3828 1314 3927 posse
1341 3791 1512 3893 dolore

233 4082 239 4103 .
379 3964 616 4090 Tentari3
655 3968 950 4106 nullamque
974 3965 1285 4101 voluptatem
1310 4003 1489 4101 capere
1515 4008 1580 4069 ex
1604 3982 1714 4076 set.

385 4136 815 4278 Quandoquidem
843 4178 943 4239 non
971 4161 1089 4239 sunt
1107 4178 1168 4237 ex
1194 4139 1310 4239 ullis
1334 4142 1701 4281 principiorum

387 4311 713 4449 Corporibus
737 4352 960 4452 quorum
984 4337 1149 4414 motus
1175 4318 1395 4415 novitate
1420 4315 1668 4443 laborent,

385 4490 494 4590 Aut
517 4491 740 4629 aliquem
759 4490 981 4590 fructum
1007 4488 1208 4624 capiant
1233 4490 1514 4594 dulcedinis
1539 4495 1702 4601 almae.

388 4666 440 4767 H
445 4667 543 4766 aud
570 4667 727 4802 igitur
751 4662 941 4763 debent
964 4700 1068 4761 esse
1088 4663 1193 4763 ullo
1218 4665 1434 4802 praedita
1459 4707 1625 4774 sensu.

459 4841 714 4979 Denique,
742 4841 817 4942 uti
842 4839 1037 4977 possint
1061 4840 1243 4939 sentire
1269 4842 1502 4943 animalia
1528 4883 1772 4987 quaeque,

389 5015 658 5151 Principiis
683 5013 721 5113 si
741 5014 893 5115 etiam
918 5036 993 5115 est
1017 5052 1190 5116 sensus
1215 5014 1516 5120 tribuendus
1542 5058 1746 5127 eorum:
1817 5058 1822 5065 ·
