4432 5984
390 381 487 479 rte
709 389 769 480 r.
836 382 1257 477 annnrrr
1320 338 1538 479 cunr

387 645 651 768 Quantula
676 648 825 747 sunt?
865 642 1022 782 quid!
1058 666 1307 781 praeterea
1331 646 1608 783 primordia
1632 684 1910 787 quaeque,

384 818 538 921 Unde
552 821 733 938 anima,
754 819 1071 958 atqueanimi
1091 840 1486 919 consternatum
1501 858 1781 921 necessum
1803 844 1908 945 est,

388 992 578 1097 Nonne
604 993 760 1112 vides,
788 1030 943 1129 quarn
969 994 1069 1091 sint
1094 990 1315 1111 subtilia,
1343 1030 1600 1131 quamque
1625 995 1890 1097 minuta!

453 1165 723 1286 Praeterea,
752 1203 1077 1305 quaecunque
1104 1204 1195 1266 suo
1221 1166 1284 1266 de
1311 1205 1520 1306 corpore
1544 1167 1771 1269 odorem

383 1339 661 1478 Exspirant
686 1378 867 1460 acrem,
894 1377 1127 1477 panacen,
1155 1338 1407 1440 absinthia
1431 1362 1579 1463 tetra,

302 1626 307 1637 ,
380 1513 734 1653 Abrotonique
760 1551 953 1653 gravem
981 1538 1033 1613 et
1058 1514 1220 1613 tristia
1244 1536 1542 1637 centaurea3

381 1686 581 1789 Horum
610 1686 986 1826 unumquodvis
1011 1688 1189 1787 leviter
1214 1690 1253 1787 si
1279 1687 1408 1787 forte
1433 1686 1604 1808 ciebis,

380 1859 772 1999 Quamprimum
800 1898 974 1961 noscas
999 1899 1170 1961 rerum
1195 1862 1461 1962 simulacra
1485 1898 1669 1999 vagare

378 2035 551 2138 Multa
576 2036 739 2136 modis
765 2035 955 2155 multiS,
984 2036 1127 2136 nulla
1150 2038 1215 2155 vi,
1243 2072 1483 2171 cassaque
1510 2074 1659 2137 sensu
1680 2076 1693 2137 :

378 2210 611 2333 Quorum
638 2210 887 2348 quantula
909 2246 1025 2346 pars
1051 2211 1115 2309 sit
1139 2212 1323 2347 imag0,
1349 2207 1515 2307 dicere
1542 2246 1692 2307 nemo
1718 2234 1814 2313 est

375 2384 480 2506 Qui
504 2387 678 2522 possit,
705 2421 873 2521 neque
898 2422 1007 2482 earn
1034 2385 1279 2483 rationem
1307 2380 1516 2481 reddere
1542 2380 1713 2485 dictis,

374 2558 474 2659 Sed
503 2598 566 2658 ne
592 2558 721 2657 forte
747 2580 897 2693 putes
922 2556 1208 2658 cadomum
1236 2556 1340 2656 sola
1364 2591 1564 2693 vagare,

373 2728 716 2867 Quaecunque
742 2727 806 2827 ab
833 2728 985 2831 rebus
1010 2770 1177 2831 rerum
1207 2730 1472 2831 simulacra
1496 2732 1795 2843 recedunt:

372 2904 504 3004 Sunt
529 2905 696 3021 etiam,
724 2941 842 3041 quae
869 2928 1047 3042 sponte
1072 2944 1160 3005 sua
1186 2907 1484 3041 gignuntur,
1512 2928 1564 3005 et
1588 2907 1706 3045 ipsa

372 3078 770 3180 Constituuntur
795 3080 847 3177 in
873 3076 967 3178 hoc
993 3081 1135 3200 cndu,
1164 3079 1253 3215 qui
1280 3076 1465 3174 dicitur
1490 3080 1577 3175 ner
1592 3118 1605 3200 ;
1632 3092 1635 3097 ’

370 3250 502 3372 Quae
529 3253 701 3352 multis
728 3250 943 3350 formata
966 3251 1128 3351 modis
1154 3248 1367 3348 sublime
1389 3246 1641 3371 feruntur,

370 3424 484 3525 Nec
509 3426 724 3561 speciem
754 3446 949 3523 mutare
977 3463 1114 3523 suam
1142 3425 1393 3561 liquentia
1417 3446 1627 3543 cessant,

368 3596 437 3697 Et
465 3596 889 3735 quoiusquemodi
917 3598 1190 3697 formarum
1217 3620 1408 3697 vertere
1435 3599 1486 3696 in
1511 3636 1612 3697 ora.

365 3769 441 3871 Ut
468 3771 647 3872 nubeis
672 3772 819 3872 facile
846 3771 1100 3871 interdurn
1128 3810 1444 3872 concrescere
1468 3773 1520 3871 in
1548 3774 1653 3873 alto

368 3942 650 4065 CernimuS,
679 3968 733 4045 et
758 3944 936 4045 mundi
962 3948 1179 4081 speciem
1204 3946 1390 4046 violare
1416 3985 1662 4069 serenam,

362 4118 498 4218 Aera
526 4119 824 4218 mulcenteis
851 4141 1023 4219 motu:
1061 4158 1176 4220 narn
1204 4158 1338 4257 saepe
1363 4124 1629 4260 gigantum

364 4290 472 4391 Ora
496 4293 665 4392 volare
692 4293 945 4412 videntur,
973 4316 1025 4393 et
1048 4292 1282 4394 umbram
1308 4294 1490 4397 ducere
1509 4298 1639 4401 late:

364 4466 628 4568 Interdum
663 4470 833 4604 magni
860 4492 1073 4590 monton,
1100 4470 1371 4609 avolsaque
1396 4508 1516 4571 saxa

363 4639 645 4758 Montibus,
677 4644 867 4741 anteire
894 4668 945 4742 et
970 4646 1123 4745 solem
1150 4647 1416 4748 succedere
1440 4670 1656 4783 praeter3

363 4811 490 4912 Inde
517 4814 640 4912 alios
666 4812 881 4935 trahere,
909 4839 1062 4954 atque
1088 4818 1328 4919 inducere
1356 4818 1526 4919 bellua
1548 4820 1782 4935 nimbos.

432 4984 586 5087 Nunc
611 5026 671 5087 ea
697 5026 851 5126 quarn
877 4989 1012 5090 facili
1039 5014 1091 5090 et
1115 4994 1264 5092 celeri
1290 4995 1482 5096 ratione
1508 5020 1800 5135 genantur,

360 5161 718 5300 Perpetuoque
744 5164 909 5264 fluant
934 5164 998 5264 ab
1024 5166 1191 5289 rebuS‚
1219 5169 1462 5309 lapsaque
1488 5170 1697 5321 cedant!
