4432 5984
384 380 483 520 rao
558 442 619 530 r.
672 438 1100 531 nucanrrr
1150 439 1361 531 enar
1412 440 1578 530 nra.
1609 440 1703 531 ιν.

379 685 895 824 Quadrupedurnque
921 687 1082 823 magis
1107 688 1226 803 ritu,
1254 688 1558 826 plerumque
1584 710 1866 825 putantur

381 860 663 999 Concipere
689 900 887 982 uxores,
917 863 1040 1001 quia
1065 862 1134 961 sic
1159 862 1269 961 loca
1294 900 1492 963 sumere
1518 888 1739 1001 possunt

378 1033 677 1137 Pectoribus
704 1036 894 1172 positis,
922 1034 1135 1135 sublatis
1160 1035 1351 1135 semina
1375 1034 1578 1139 lumbis.

378 1208 493 1312 Nec
519 1211 696 1311 molles
720 1248 849 1346 opus
876 1234 996 1313 sunt
1020 1233 1187 1311 motus
1212 1208 1458 1311 uxoribus
1484 1208 1678 1313 hilum:

378 1382 516 1485 Nanr
544 1384 726 1483 mulier
750 1382 989 1519 prohibet
1014 1423 1066 1485 se
1092 1386 1374 1522 concipere,
1401 1408 1557 1525 atque
1582 1362 1881 1531 repugnat,

376 1554 628 1657 Clunibus
655 1558 763 1693 ipsa
787 1557 881 1656 viri
910 1554 1158 1659 Venerem
1185 1559 1224 1657 si
1252 1558 1368 1659 laeta
1394 1584 1658 1687 retractet;

372 1729 547 1869 Atque
573 1752 802 1829 exossato
828 1731 926 1830 ciet
951 1732 1088 1831 omni
1116 1756 1318 1868 pectore
1343 1736 1557 1839 fluctus:

373 1900 510 2003 Eicit
534 1905 669 2003 enirn
697 1903 893 2003 sulcum
920 1926 1055 2003 recta
1080 1907 1285 2042 regione
1311 1911 1496 2048 viaque

343 2080 349 2095 '
376 2075 633 2198 Vomeris,
661 2100 816 2215 atque
843 2076 963 2177 locis
989 2080 1169 2178 avertit
1194 2084 1397 2184 seminis
1422 2085 1595 2187 ictum.

371 2251 537 2392 quue
565 2294 655 2355 sua
681 2293 831 2355 causa
856 2279 1169 2355 consuerunt
1194 2279 1357 2358 scorta
1382 2258 1588 2378 nroveri,

370 2422 455 2528 Ne
482 2430 860 2565 complerentur
885 2426 1080 2549 crebro,
1107 2430 1435 2570 gravidaeque
1453 2432 1704 2570 jacerent,

370 2599 441 2701 Et
470 2604 619 2703 sirnul
647 2605 756 2741 ipsa
780 2604 899 2704 viris
924 2599 1102 2703 Venus
1128 2626 1187 2703 ut
1211 2604 1503 2706 concinnior
1526 2628 1688 2709 esset:

368 2775 688 2915 Conjugibus
715 2777 853 2915 quod
883 2776 955 2875 nil
981 2777 1164 2878 nostris
1189 2816 1319 2915 opus
1344 2815 1451 2880 esse
1475 2780 1699 2885 videtur.

436 2950 487 3052 N
494 2992 549 3051 ec
577 2953 818 3051 divinitus
846 2952 1120 3073 interdurn,
1150 2951 1466 3093 Venerisque
1491 2956 1690 3093 sagittis

366 3124 633 3227 Deteriore
661 3126 718 3225 fit
744 3149 802 3225 ut
828 3125 989 3226 forma
1014 3130 1311 3229 muliercula
1336 3150 1563 3231 ametur:

367 3298 502 3401 Narn
532 3299 652 3399 facit
679 3302 787 3436 ipsa
813 3301 916 3400 suis
942 3302 1195 3401 interdurn
1223 3302 1429 3403 foenrina
1454 3302 1613 3423 factis,

366 3473 743 3613 Morigerisque
769 3475 948 3595 modis,
976 3498 1028 3573 et
1053 3475 1242 3576 nrunde
1263 3514 1473 3613 corpore
1493 3477 1649 3598 cult0,

363 3651 438 3756 Ut
462 3654 607 3753 facile
635 3655 884 3752 insuescat
911 3692 1079 3755 secum
1105 3653 1181 3751 vir
1205 3650 1389 3789 degere
1415 3653 1586 3754 vitain.

436 3826 591 3948 Quod
621 3849 865 3965 superest,
887 3825 1201 3927 consuetudo
1227 3826 1495 3926 concinnat
1520 3865 1792 3961 amorem;

363 4004 502 4106 Nanr
529 4006 706 4104 leviter
731 4003 976 4140 quamvis,
1000 3998 1136 4139 qnod
1165 3997 1342 4099 crebro
1366 4001 1605 4101 tunditur
1628 4001 1766 4131 ictu,

360 4180 596 4281 Vincitur
623 4183 672 4279 in
700 4180 853 4315 longo
880 4178 1041 4313 spatio
1067 4198 1253 4292 tarnen,
1280 4195 1434 4309 atque
1459 4173 1703 4281 labascit:

361 4352 550 4454 Nonne
576 4354 731 4472 vides,
757 4352 907 4450 etiarn
935 4373 1104 4486 guttas
1131 4349 1181 4447 in
1209 4386 1329 4447 saxa
1353 4346 1608 4449 cadenteis

361 4524 602 4626 Hurnoris
628 4527 779 4661 longo
805 4526 857 4622 in
885 4527 1047 4662 spatio
1074 4524 1383 4660 pertundere
1410 4524 1561 4623 saxal
