<?xml version="1.0" encoding="UTF-8"?>
<!DOCTYPE html PUBLIC "-//W3C//DTD XHTML 1.0 Transitional//EN"
    "http://www.w3.org/TR/xhtml1/DTD/xhtml1-transitional.dtd">
<html xmlns="http://www.w3.org/1999/xhtml" xml:lang="en" lang="en">
 <head>
  <title>
</title>
<meta http-equiv="Content-Type" content="text/html;charset=utf-8" />
  <meta name='ocr-system' content='tesseract 3.04.00' />
  <meta name='ocr-capabilities' content='ocr_page ocr_carea ocr_par ocr_line ocrx_word'/>
</head>
<body>
  <div class='ocr_page' id='page_1' title='image "./tlucretiicaride01carugoog_0069.png"; bbox 0 0 4432 5984; ppageno 0'>
   <div class='ocr_carea' id='block_1_1' title="bbox 361 338 1521 445">
    <p class='ocr_par' dir='ltr' id='par_1_1' title="bbox 361 338 1521 445">
     <span class='ocr_line' id='line_1_1' title="bbox 361 338 1521 445; baseline -0.004 -1"><span class='ocrx_word' id='word_1_1' title='bbox 361 338 435 444; x_wconf 83' lang='lat'><strong>60</strong></span> <span class='ocrx_word' id='word_1_2' title='bbox 694 352 755 442; x_wconf 89' lang='grc' dir='ltr'><strong>Τ.</strong></span> <span class='ocrx_word' id='word_1_3' title='bbox 821 346 1242 443; x_wconf 78' lang='lat' dir='ltr'><strong>LUCRE&#39;I&#39;II</strong></span> <span class='ocrx_word' id='word_1_4' title='bbox 1307 342 1521 445; x_wconf 84' lang='lat' dir='ltr'>CARI</span> 
     </span>
    </p>
   </div>
   <div class='ocr_carea' id='block_1_2' title="bbox 305 609 1892 5126">
    <p class='ocr_par' dir='ltr' id='par_1_2' title="bbox 361 609 1666 1625">
     <span class='ocr_line' id='line_1_2' title="bbox 367 609 1656 750; baseline -0.005 -35"><span class='ocrx_word' id='word_1_5' title='bbox 367 612 677 750; x_wconf 86' lang='lat' dir='ltr'><strong>Camporum</strong></span> <span class='ocrx_word' id='word_1_6' title='bbox 702 610 974 747; x_wconf 88' lang='lat' dir='ltr'><strong>complent,</strong></span> <span class='ocrx_word' id='word_1_7' title='bbox 1000 610 1121 713; x_wconf 91' lang='lat' dir='ltr'><strong>belli</strong></span> <span class='ocrx_word' id='word_1_8' title='bbox 1147 610 1414 712; x_wconf 80' lang='lat' dir='ltr'><strong>simulacre</strong></span> <span class='ocrx_word' id='word_1_9' title='bbox 1438 609 1656 732; x_wconf 78' lang='lat' dir='ltr'><strong>cientes3</strong></span> 
     </span>
     <span class='ocr_line' id='line_1_3' title="bbox 365 784 1666 923; baseline -0.002 -36"><span class='ocrx_word' id='word_1_10' title='bbox 365 784 436 888; x_wconf 92' lang='lat' dir='ltr'><strong>Et</strong></span> <span class='ocrx_word' id='word_1_11' title='bbox 458 785 864 887; x_wconf 84' lang='lat' dir='ltr'><strong>circumvolitant</strong></span> <span class='ocrx_word' id='word_1_12' title='bbox 886 785 1102 922; x_wconf 88' lang='lat' dir='ltr'><strong>equites,</strong></span> <span class='ocrx_word' id='word_1_13' title='bbox 1131 784 1426 923; x_wconf 83' lang='lat' dir='ltr'><strong>mediosque</strong></span> <span class='ocrx_word' id='word_1_14' title='bbox 1452 786 1666 923; x_wconf 81' lang='lat' dir='ltr'><strong>repente</strong></span> 
     </span>
     <span class='ocr_line' id='line_1_4' title="bbox 362 950 1656 1099; baseline -0.002 -38"><span class='ocrx_word' id='word_1_15' title='bbox 362 958 680 1061; x_wconf 88' lang='lat' dir='ltr'><strong>Tramittunt</strong></span> <span class='ocrx_word' id='word_1_16' title='bbox 701 958 870 1058; x_wconf 86' lang='lat' dir='ltr'><strong>valido</strong></span> <span class='ocrx_word' id='word_1_17' title='bbox 895 950 1181 1096; x_wconf 84' lang='lat' dir='ltr'><strong>quatientes</strong></span> <span class='ocrx_word' id='word_1_18' title='bbox 1204 960 1395 1099; x_wconf 88' lang='lat' dir='ltr'><strong>impete</strong></span> <span class='ocrx_word' id='word_1_19' title='bbox 1420 995 1656 1097; x_wconf 84' lang='lat' dir='ltr'><strong>campos:</strong></span> 
     </span>
     <span class='ocr_line' id='line_1_5' title="bbox 364 1127 1659 1275; baseline 0.002 -40"><span class='ocrx_word' id='word_1_20' title='bbox 364 1133 563 1274; x_wconf 84' lang='lat' dir='ltr'><strong>Fulgur</strong></span> <span class='ocrx_word' id='word_1_21' title='bbox 585 1128 657 1233; x_wconf 93' lang='lat' dir='ltr'><strong>ibi</strong></span> <span class='ocrx_word' id='word_1_22' title='bbox 680 1133 743 1233; x_wconf 86' lang='lat' dir='ltr'><strong>ad</strong></span> <span class='ocrx_word' id='word_1_23' title='bbox 771 1127 954 1233; x_wconf 87' lang='lat' dir='ltr'><strong>coelum</strong></span> <span class='ocrx_word' id='word_1_24' title='bbox 980 1170 1031 1233; x_wconf 85' lang='lat' dir='ltr'><strong>se</strong></span> <span class='ocrx_word' id='word_1_25' title='bbox 1058 1135 1206 1255; x_wconf 84' lang='lat' dir='ltr'><strong>tollit,</strong></span> <span class='ocrx_word' id='word_1_26' title='bbox 1235 1156 1443 1275; x_wconf 85' lang='lat' dir='ltr'><strong>totaque</strong></span> <span class='ocrx_word' id='word_1_27' title='bbox 1468 1137 1659 1237; x_wconf 89' lang='lat' dir='ltr'><strong>circum</strong></span> 
     </span>
     <span class='ocr_line' id='line_1_6' title="bbox 361 1307 1543 1449; baseline -0.002 -39"><span class='ocrx_word' id='word_1_28' title='bbox 361 1309 487 1410; x_wconf 90' lang='lat' dir='ltr'><strong>AEre</strong></span> <span class='ocrx_word' id='word_1_29' title='bbox 512 1307 784 1409; x_wconf 82' lang='lat' dir='ltr'><strong>renidescit</strong></span> <span class='ocrx_word' id='word_1_30' title='bbox 806 1308 974 1427; x_wconf 78' lang='lat' dir='ltr'><strong>telluS,</strong></span> <span class='ocrx_word' id='word_1_31' title='bbox 1002 1307 1281 1449; x_wconf 81' lang='lat' dir='ltr'><strong>subterque</strong></span> <span class='ocrx_word' id='word_1_32' title='bbox 1305 1311 1543 1411; x_wconf 68' lang='lat' dir='ltr'><strong>virum-vi</strong></span> 
     </span>
     <span class='ocr_line' id='line_1_7' title="bbox 363 1480 1626 1625; baseline 0 -41"><span class='ocrx_word' id='word_1_33' title='bbox 363 1480 582 1585; x_wconf 86' lang='lat' dir='ltr'><strong>Excitur</strong></span> <span class='ocrx_word' id='word_1_34' title='bbox 598 1481 818 1622; x_wconf 87' lang='lat' dir='ltr'><strong>pedihus</strong></span> <span class='ocrx_word' id='word_1_35' title='bbox 842 1485 1052 1605; x_wconf 74' lang='lat' dir='ltr'><strong>sonituS,</strong></span> <span class='ocrx_word' id='word_1_36' title='bbox 1080 1484 1402 1625; x_wconf 83' lang='lat' dir='ltr'><strong>clamoreque</strong></span> <span class='ocrx_word' id='word_1_37' title='bbox 1427 1505 1626 1584; x_wconf 82' lang='lat' dir='ltr'><strong>montes</strong></span> 
     </span>
    </p>

    <p class='ocr_par' dir='ltr' id='par_1_3' title="bbox 364 1658 1404 1799">
     <span class='ocr_line' id='line_1_8' title="bbox 364 1658 1404 1799; baseline -0.003 -38"><span class='ocrx_word' id='word_1_38' title='bbox 364 1658 459 1761; x_wconf 83' lang='lat' dir='ltr'><strong>Icti</strong></span> <span class='ocrx_word' id='word_1_39' title='bbox 484 1660 730 1799; x_wconf 79' lang='lat' dir='ltr'><strong>&#39;rejectant</strong></span> <span class='ocrx_word' id='word_1_40' title='bbox 746 1696 892 1762; x_wconf 90' lang='lat' dir='ltr'><strong>voces</strong></span> <span class='ocrx_word' id='word_1_41' title='bbox 916 1659 978 1759; x_wconf 86' lang='lat' dir='ltr'><strong>ad</strong></span> <span class='ocrx_word' id='word_1_42' title='bbox 1008 1658 1174 1760; x_wconf 85' lang='lat' dir='ltr'><strong>sidera</strong></span> <span class='ocrx_word' id='word_1_43' title='bbox 1197 1659 1404 1782; x_wconf 91' lang='lat' dir='ltr'><strong>mundi;</strong></span> 
     </span>
    </p>

    <p class='ocr_par' dir='ltr' id='par_1_4' title="bbox 334 1832 1752 2153">
     <span class='ocr_line' id='line_1_9' title="bbox 363 1832 1744 1974; baseline 0.001 -37"><span class='ocrx_word' id='word_1_44' title='bbox 363 1834 435 1937; x_wconf 86' lang='lat' dir='ltr'><strong>Et</strong></span> <span class='ocrx_word' id='word_1_45' title='bbox 456 1859 628 1937; x_wconf 87' lang='lat' dir='ltr'><strong>tamen</strong></span> <span class='ocrx_word' id='word_1_46' title='bbox 655 1836 967 1974; x_wconf 88' lang='lat' dir='ltr'><strong>estquidam</strong></span> <span class='ocrx_word' id='word_1_47' title='bbox 992 1837 1132 1936; x_wconf 87' lang='lat' dir='ltr'><strong>locus</strong></span> <span class='ocrx_word' id='word_1_48' title='bbox 1157 1832 1571 1956; x_wconf 86' lang='lat' dir='ltr'><strong>altismontibus,</strong></span> <span class='ocrx_word' id='word_1_49' title='bbox 1597 1837 1744 1939; x_wconf 87' lang='lat' dir='ltr'><strong>unde</strong></span> 
     </span>
     <span class='ocr_line' id='line_1_10' title="bbox 334 2002 1752 2153; baseline 0 -40"><span class='ocrx_word' id='word_1_50' title='bbox 334 2106 337 2113; x_wconf 83' lang='lat'><em>.</em></span> <span class='ocrx_word' id='word_1_51' title='bbox 367 2009 513 2113; x_wconf 83' lang='lat' dir='ltr'><strong>Stare</strong></span> <span class='ocrx_word' id='word_1_52' title='bbox 535 2002 754 2130; x_wconf 84' lang='lat' dir='ltr'><strong>videtur,</strong></span> <span class='ocrx_word' id='word_1_53' title='bbox 780 2013 909 2111; x_wconf 91' lang='lat' dir='ltr'><strong>etin</strong></span> <span class='ocrx_word' id='word_1_54' title='bbox 935 2013 1125 2150; x_wconf 87' lang='lat' dir='ltr'><strong>campis</strong></span> <span class='ocrx_word' id='word_1_55' title='bbox 1150 2013 1419 2113; x_wconf 85' lang='lat' dir='ltr'><strong>consistere</strong></span> <span class='ocrx_word' id='word_1_56' title='bbox 1444 2011 1637 2153; x_wconf 84' lang='lat' dir='ltr'><strong>fulgur.</strong></span> <span class='ocrx_word' id='word_1_57' title='bbox 1746 2002 1752 2011; x_wconf 57' lang='grc'>’</span> 
     </span>
    </p>

    <p class='ocr_par' dir='ltr' id='par_1_5' title="bbox 364 2185 1892 2679">
     <span class='ocr_line' id='line_1_11' title="bbox 434 2185 1892 2325; baseline 0.003 -36"><span class='ocrx_word' id='word_1_58' title='bbox 434 2185 597 2289; x_wconf 90' lang='lat' dir='ltr'><strong>Nunc</strong></span> <span class='ocrx_word' id='word_1_59' title='bbox 623 2225 717 2324; x_wconf 85' lang='lat' dir='ltr'><strong>age</strong></span> <span class='ocrx_word' id='word_1_60' title='bbox 734 2186 843 2324; x_wconf 88' lang='lat' dir='ltr'><strong>jam</strong></span> <span class='ocrx_word' id='word_1_61' title='bbox 868 2186 1107 2325; x_wconf 87' lang='lat' dir='ltr'><strong>deinceps</strong></span> <span class='ocrx_word' id='word_1_62' title='bbox 1121 2210 1419 2289; x_wconf 90' lang='lat' dir='ltr'><strong>cunctarum</strong></span> <span class='ocrx_word' id='word_1_63' title='bbox 1438 2189 1648 2290; x_wconf 86' lang='lat' dir='ltr'><strong>exordia</strong></span> <span class='ocrx_word' id='word_1_64' title='bbox 1670 2228 1892 2314; x_wconf 79' lang='lat' dir='ltr'><strong>rerum,</strong></span> 
     </span>
     <span class='ocr_line' id='line_1_12' title="bbox 364 2361 1790 2500; baseline 0 -36"><span class='ocrx_word' id='word_1_65' title='bbox 364 2361 554 2484; x_wconf 83' lang='lat' dir='ltr'><strong>Qualia</strong></span> <span class='ocrx_word' id='word_1_66' title='bbox 579 2365 695 2482; x_wconf 87' lang='lat' dir='ltr'><strong>sint,</strong></span> <span class='ocrx_word' id='word_1_67' title='bbox 723 2384 776 2461; x_wconf 92' lang='lat' dir='ltr'><strong>et</strong></span> <span class='ocrx_word' id='word_1_68' title='bbox 801 2399 954 2499; x_wconf 86' lang='lat' dir='ltr'><strong>quam</strong></span> <span class='ocrx_word' id='word_1_69' title='bbox 981 2363 1132 2500; x_wconf 86' lang='lat' dir='ltr'><strong>longe</strong></span> <span class='ocrx_word' id='word_1_70' title='bbox 1157 2361 1398 2463; x_wconf 86' lang='lat' dir='ltr'><strong>distantia</strong></span> <span class='ocrx_word' id='word_1_71' title='bbox 1421 2361 1614 2485; x_wconf 83' lang='lat' dir='ltr'><strong>formis,</strong></span> <span class='ocrx_word' id='word_1_72' title='bbox 1785 2436 1790 2443; x_wconf 90' lang='lat'>-</span> 
     </span>
     <span class='ocr_line' id='line_1_13' title="bbox 364 2534 1676 2679; baseline 0.002 -40"><span class='ocrx_word' id='word_1_73' title='bbox 364 2534 599 2674; x_wconf 86' lang='lat' dir='ltr'><strong>Percipe,</strong></span> <span class='ocrx_word' id='word_1_74' title='bbox 623 2536 921 2673; x_wconf 85' lang='lat' dir='ltr'><strong>multigenis</strong></span> <span class='ocrx_word' id='word_1_75' title='bbox 947 2576 1103 2677; x_wconf 86' lang='lat' dir='ltr'><strong>quam</strong></span> <span class='ocrx_word' id='word_1_76' title='bbox 1129 2540 1231 2640; x_wconf 87' lang='lat' dir='ltr'><strong>sint</strong></span> <span class='ocrx_word' id='word_1_77' title='bbox 1253 2541 1444 2640; x_wconf 85' lang='lat' dir='ltr'><strong>variata</strong></span> <span class='ocrx_word' id='word_1_78' title='bbox 1468 2540 1676 2679; x_wconf 86' lang='lat' dir='ltr'><strong>figuris:</strong></span> 
     </span>
    </p>

    <p class='ocr_par' dir='ltr' id='par_1_6' title="bbox 364 2711 1825 3205">
     <span class='ocr_line' id='line_1_14' title="bbox 365 2711 1804 2854; baseline 0.003 -40"><span class='ocrx_word' id='word_1_79' title='bbox 365 2711 419 2814; x_wconf 94' lang='lat' dir='ltr'>N</span> <span class='ocrx_word' id='word_1_80' title='bbox 423 2753 489 2814; x_wconf 93' lang='lat' dir='ltr'><strong>on</strong></span> <span class='ocrx_word' id='word_1_81' title='bbox 516 2712 659 2853; x_wconf 88' lang='lat' dir='ltr'><strong>qnod</strong></span> <span class='ocrx_word' id='word_1_82' title='bbox 684 2712 846 2813; x_wconf 84' lang='lat' dir='ltr'><strong>multa</strong></span> <span class='ocrx_word' id='word_1_83' title='bbox 862 2749 1046 2850; x_wconf 89' lang='lat' dir='ltr'><strong>parum</strong></span> <span class='ocrx_word' id='word_1_84' title='bbox 1071 2717 1220 2816; x_wconf 88' lang='lat' dir='ltr'><strong>simili</strong></span> <span class='ocrx_word' id='word_1_85' title='bbox 1247 2716 1347 2814; x_wconf 86' lang='lat' dir='ltr'><strong>sint</strong></span> <span class='ocrx_word' id='word_1_86' title='bbox 1371 2715 1588 2854; x_wconf 81' lang='lat' dir='ltr'><strong>praedita</strong></span> <span class='ocrx_word' id='word_1_87' title='bbox 1612 2715 1804 2838; x_wconf 85' lang='lat' dir='ltr'><strong>forma,</strong></span> 
     </span>
     <span class='ocr_line' id='line_1_15' title="bbox 364 2887 1825 3028; baseline 0.005 -38"><span class='ocrx_word' id='word_1_88' title='bbox 364 2887 467 2991; x_wconf 86' lang='lat' dir='ltr'><strong>Sed</strong></span> <span class='ocrx_word' id='word_1_89' title='bbox 494 2891 617 3028; x_wconf 85' lang='lat' dir='ltr'><strong>quia</strong></span> <span class='ocrx_word' id='word_1_90' title='bbox 635 2927 738 2989; x_wconf 92' lang='lat' dir='ltr'><strong>non</strong></span> <span class='ocrx_word' id='word_1_91' title='bbox 762 2889 914 3028; x_wconf 86' lang='lat' dir='ltr'><strong>volgo</strong></span> <span class='ocrx_word' id='word_1_92' title='bbox 938 2892 1084 3028; x_wconf 86' lang='lat' dir='ltr'><strong>paria</strong></span> <span class='ocrx_word' id='word_1_93' title='bbox 1106 2889 1342 2992; x_wconf 89' lang='lat' dir='ltr'><strong>omnibus</strong></span> <span class='ocrx_word' id='word_1_94' title='bbox 1367 2891 1536 2991; x_wconf 83' lang='lat' dir='ltr'><strong>omnia</strong></span> <span class='ocrx_word' id='word_1_95' title='bbox 1559 2914 1825 2997; x_wconf 82' lang='lat' dir='ltr'><strong>constant.</strong></span> 
     </span>
     <span class='ocr_line' id='line_1_16' title="bbox 366 3064 1671 3205; baseline -0.002 -38"><span class='ocrx_word' id='word_1_96' title='bbox 366 3065 419 3167; x_wconf 91' lang='lat' dir='ltr'>N</span> <span class='ocrx_word' id='word_1_97' title='bbox 424 3105 480 3166; x_wconf 87' lang='lat' dir='ltr'><strong>ec</strong></span> <span class='ocrx_word' id='word_1_98' title='bbox 499 3067 714 3188; x_wconf 83' lang='lat' dir='ltr'><strong>mirum3</strong></span> <span class='ocrx_word' id='word_1_99' title='bbox 741 3064 856 3165; x_wconf 86' lang='lat' dir='ltr'><strong>nam</strong></span> <span class='ocrx_word' id='word_1_100' title='bbox 885 3103 1042 3205; x_wconf 89' lang='lat' dir='ltr'><strong>quom</strong></span> <span class='ocrx_word' id='word_1_101' title='bbox 1068 3067 1133 3167; x_wconf 89' lang='lat' dir='ltr'><strong>sit</strong></span> <span class='ocrx_word' id='word_1_102' title='bbox 1156 3104 1331 3166; x_wconf 89' lang='lat' dir='ltr'><strong>eorum</strong></span> <span class='ocrx_word' id='word_1_103' title='bbox 1350 3064 1497 3201; x_wconf 88' lang='lat' dir='ltr'><strong>copia</strong></span> <span class='ocrx_word' id='word_1_104' title='bbox 1513 3086 1671 3185; x_wconf 84' lang='lat' dir='ltr'><strong>tanta,</strong></span> 
     </span>
    </p>

    <p class='ocr_par' dir='ltr' id='par_1_7' title="bbox 363 3238 1793 3380">
     <span class='ocr_line' id='line_1_17' title="bbox 363 3238 1793 3380; baseline -0.002 -37"><span class='ocrx_word' id='word_1_105' title='bbox 363 3239 440 3343; x_wconf 86' lang='lat' dir='ltr'><strong>Ut</strong></span> <span class='ocrx_word' id='word_1_106' title='bbox 465 3279 635 3380; x_wconf 88' lang='lat' dir='ltr'><strong>neque</strong></span> <span class='ocrx_word' id='word_1_107' title='bbox 660 3238 778 3340; x_wconf 90' lang='lat' dir='ltr'><strong>finis</strong></span> <span class='ocrx_word' id='word_1_108' title='bbox 797 3241 902 3374; x_wconf 88' lang='lat' dir='ltr'><strong>(uti</strong></span> <span class='ocrx_word' id='word_1_109' title='bbox 930 3240 1108 3376; x_wconf 88' lang='lat' dir='ltr'><strong>docui)</strong></span> <span class='ocrx_word' id='word_1_110' title='bbox 1133 3278 1302 3380; x_wconf 88' lang='lat' dir='ltr'><strong>neque</strong></span> <span class='ocrx_word' id='word_1_111' title='bbox 1328 3276 1523 3339; x_wconf 86' lang='lat' dir='ltr'><strong>summa</strong></span> <span class='ocrx_word' id='word_1_112' title='bbox 1548 3241 1613 3339; x_wconf 88' lang='lat' dir='ltr'><strong>sit</strong></span> <span class='ocrx_word' id='word_1_113' title='bbox 1638 3239 1748 3341; x_wconf 84' lang='lat' dir='ltr'><strong>ulla</strong></span> <span class='ocrx_word' id='word_1_114' title='bbox 1765 3238 1793 3367; x_wconf 62' lang='lat'><strong>3&#39;</strong></span> 
     </span>
    </p>

    <p class='ocr_par' dir='ltr' id='par_1_8' title="bbox 366 3416 1685 3553">
     <span class='ocr_line' id='line_1_18' title="bbox 366 3416 1685 3553; baseline -0.002 -35"><span class='ocrx_word' id='word_1_115' title='bbox 366 3416 577 3518; x_wconf 88' lang='lat' dir='ltr'><strong>Debent</strong></span> <span class='ocrx_word' id='word_1_116' title='bbox 599 3417 843 3517; x_wconf 89' lang='lat' dir='ltr'><strong>nimirum</strong></span> <span class='ocrx_word' id='word_1_117' title='bbox 868 3452 971 3515; x_wconf 93' lang='lat' dir='ltr'><strong>non</strong></span> <span class='ocrx_word' id='word_1_118' title='bbox 997 3416 1237 3519; x_wconf 88' lang='lat' dir='ltr'><strong>omnibus</strong></span> <span class='ocrx_word' id='word_1_119' title='bbox 1260 3417 1431 3517; x_wconf 90' lang='lat' dir='ltr'><strong>omnia</strong></span> <span class='ocrx_word' id='word_1_120' title='bbox 1453 3452 1685 3553; x_wconf 87' lang='lat' dir='ltr'><strong>pmrsum</strong></span> 
     </span>
    </p>

    <p class='ocr_par' dir='ltr' id='par_1_9' title="bbox 305 3590 1463 3730">
     <span class='ocr_line' id='line_1_19' title="bbox 305 3590 1463 3730; baseline 0 -38"><span class='ocrx_word' id='word_1_121' title='bbox 305 3662 314 3675; x_wconf 64' lang='grc'><strong>»</strong></span> <span class='ocrx_word' id='word_1_122' title='bbox 367 3590 490 3693; x_wconf 86' lang='lat' dir='ltr'><strong>Esse</strong></span> <span class='ocrx_word' id='word_1_123' title='bbox 514 3591 626 3729; x_wconf 87' lang='lat' dir='ltr'><strong>pari</strong></span> <span class='ocrx_word' id='word_1_124' title='bbox 646 3590 756 3709; x_wconf 90' lang='lat' dir='ltr'><strong>filo,</strong></span> <span class='ocrx_word' id='word_1_125' title='bbox 785 3590 1040 3730; x_wconf 85' lang='lat' dir='ltr'><strong>similique</strong></span> <span class='ocrx_word' id='word_1_126' title='bbox 1060 3592 1258 3693; x_wconf 85' lang='lat' dir='ltr'><strong>adfecta</strong></span> <span class='ocrx_word' id='word_1_127' title='bbox 1285 3592 1463 3730; x_wconf 85' lang='lat' dir='ltr'><strong>ligura.</strong></span> 
     </span>
    </p>

    <p class='ocr_par' dir='ltr' id='par_1_10' title="bbox 367 3762 1887 4951">
     <span class='ocr_line' id='line_1_20' title="bbox 436 3762 1748 3904; baseline 0.001 -37"><span class='ocrx_word' id='word_1_128' title='bbox 436 3766 691 3867; x_wconf 66' lang='lat' dir='ltr'><strong>Praeterea</strong></span> <span class='ocrx_word' id='word_1_129' title='bbox 715 3803 878 3902; x_wconf 86' lang='lat' dir='ltr'><strong>genus</strong></span> <span class='ocrx_word' id='word_1_130' title='bbox 904 3762 1201 3886; x_wconf 89' lang='lat' dir='ltr'><strong>humanum,</strong></span> <span class='ocrx_word' id='word_1_131' title='bbox 1227 3790 1489 3904; x_wconf 85' lang='lat' dir='ltr'><strong>rnutaeque</strong></span> <span class='ocrx_word' id='word_1_132' title='bbox 1514 3790 1748 3869; x_wconf 83' lang='lat' dir='ltr'><strong>natantes</strong></span> 
     </span>
     <span class='ocr_line' id='line_1_21' title="bbox 367 3939 1887 4083; baseline 0.007 -44"><span class='ocrx_word' id='word_1_133' title='bbox 367 3939 812 4079; x_wconf 80' lang='lat' dir='ltr'><strong>Sqnannuigertlm</strong></span> <span class='ocrx_word' id='word_1_134' title='bbox 838 3941 1077 4075; x_wconf 85' lang='lat' dir='ltr'><strong>pecudes,</strong></span> <span class='ocrx_word' id='word_1_135' title='bbox 1103 3966 1156 4042; x_wconf 88' lang='lat' dir='ltr'><strong>et</strong></span> <span class='ocrx_word' id='word_1_136' title='bbox 1178 3943 1297 4042; x_wconf 86' lang='lat' dir='ltr'><strong>laeta</strong></span> <span class='ocrx_word' id='word_1_137' title='bbox 1321 3963 1566 4061; x_wconf 85' lang='lat' dir='ltr'><strong>armenta,</strong></span> <span class='ocrx_word' id='word_1_138' title='bbox 1594 3940 1887 4083; x_wconf 82' lang='lat' dir='ltr'><strong>feraeque,.</strong></span> 
     </span>
     <span class='ocr_line' id='line_1_22' title="bbox 369 4113 1688 4253; baseline 0 -38"><span class='ocrx_word' id='word_1_139' title='bbox 369 4114 612 4215; x_wconf 71' lang='lat' dir='ltr'><strong>Etruriae</strong></span> <span class='ocrx_word' id='word_1_140' title='bbox 637 4113 881 4232; x_wconf 72' lang='lat' dir='ltr'><strong>t‘olucreS,</strong></span> <span class='ocrx_word' id='word_1_141' title='bbox 908 4113 1134 4214; x_wconf 67' lang='lat' dir='ltr'><strong>laetantia</strong></span> <span class='ocrx_word' id='word_1_142' title='bbox 1158 4154 1277 4253; x_wconf 86' lang='lat' dir='ltr'><strong>quae</strong></span> <span class='ocrx_word' id='word_1_143' title='bbox 1303 4115 1412 4213; x_wconf 86' lang='lat' dir='ltr'><strong>loca</strong></span> <span class='ocrx_word' id='word_1_144' title='bbox 1436 4152 1688 4252; x_wconf 89' lang='lat' dir='ltr'><strong>aquarum</strong></span> 
     </span>
     <span class='ocr_line' id='line_1_23' title="bbox 368 4287 1764 4430; baseline 0.001 -39"><span class='ocrx_word' id='word_1_145' title='bbox 368 4287 741 4391; x_wconf 84' lang='lat' dir='ltr'><strong>Concelebrant</strong></span> <span class='ocrx_word' id='word_1_146' title='bbox 766 4288 955 4389; x_wconf 89' lang='lat' dir='ltr'><strong>circum</strong></span> <span class='ocrx_word' id='word_1_147' title='bbox 985 4291 1138 4426; x_wconf 89' lang='lat' dir='ltr'><strong>ripas,</strong></span> <span class='ocrx_word' id='word_1_148' title='bbox 1164 4290 1472 4425; x_wconf 66' lang='lat' dir='ltr'><strong>fontemque,</strong></span> <span class='ocrx_word' id='word_1_149' title='bbox 1499 4290 1764 4430; x_wconf 83' lang='lat' dir='ltr'><strong>lacusque,</strong></span> 
     </span>
     <span class='ocr_line' id='line_1_24' title="bbox 369 4464 1685 4605; baseline -0.002 -37"><span class='ocrx_word' id='word_1_150' title='bbox 369 4467 437 4568; x_wconf 90' lang='lat' dir='ltr'><strong>Et</strong></span> <span class='ocrx_word' id='word_1_151' title='bbox 463 4506 580 4605; x_wconf 88' lang='lat' dir='ltr'><strong>quae</strong></span> <span class='ocrx_word' id='word_1_152' title='bbox 601 4464 906 4602; x_wconf 67' lang='lat' dir='ltr'><strong>pervolgant</strong></span> <span class='ocrx_word' id='word_1_153' title='bbox 930 4499 1137 4561; x_wconf 86' lang='lat' dir='ltr'><strong>nemora</strong></span> <span class='ocrx_word' id='word_1_154' title='bbox 1161 4465 1271 4561; x_wconf 85' lang='lat' dir='ltr'><strong>avia</strong></span> <span class='ocrx_word' id='word_1_155' title='bbox 1296 4466 1685 4600; x_wconf 83' lang='lat' dir='ltr'><strong>pervolitantes3</strong></span> 
     </span>
     <span class='ocr_line' id='line_1_25' title="bbox 373 4636 1728 4779; baseline -0.002 -37"><span class='ocrx_word' id='word_1_156' title='bbox 373 4643 567 4742; x_wconf 86' lang='lat' dir='ltr'><strong>Horum</strong></span> <span class='ocrx_word' id='word_1_157' title='bbox 595 4636 995 4775; x_wconf 73' lang='lat' dir='ltr'><strong>unumquodvis</strong></span> <span class='ocrx_word' id='word_1_158' title='bbox 1020 4641 1299 4773; x_wconf 84' lang='lat' dir='ltr'><strong>generatim</strong></span> <span class='ocrx_word' id='word_1_159' title='bbox 1326 4675 1524 4739; x_wconf 87' lang='lat' dir='ltr'><strong>sumere</strong></span> <span class='ocrx_word' id='word_1_160' title='bbox 1549 4677 1728 4779; x_wconf 84' lang='lat' dir='ltr'><strong>perge,</strong></span> 
     </span>
     <span class='ocr_line' id='line_1_26' title="bbox 369 4811 1453 4951; baseline -0.002 -35"><span class='ocrx_word' id='word_1_161' title='bbox 369 4816 601 4918; x_wconf 77' lang='lat' dir='ltr'><strong>Invenies</strong></span> <span class='ocrx_word' id='word_1_162' title='bbox 626 4837 794 4912; x_wconf 87' lang='lat' dir='ltr'><strong>tamen</strong></span> <span class='ocrx_word' id='word_1_163' title='bbox 825 4813 956 4910; x_wconf 89' lang='lat' dir='ltr'><strong>inter</strong></span> <span class='ocrx_word' id='word_1_164' title='bbox 974 4849 1025 4909; x_wconf 88' lang='lat' dir='ltr'><strong>se</strong></span> <span class='ocrx_word' id='word_1_165' title='bbox 1048 4811 1233 4912; x_wconf 83' lang='lat' dir='ltr'><strong>distare</strong></span> <span class='ocrx_word' id='word_1_166' title='bbox 1260 4814 1453 4951; x_wconf 84' lang='lat' dir='ltr'><strong>liguris.</strong></span> 
     </span>
    </p>

    <p class='ocr_par' dir='ltr' id='par_1_11' title="bbox 369 4986 1594 5126">
     <span class='ocr_line' id='line_1_27' title="bbox 369 4986 1594 5126; baseline -0.004 -33"><span class='ocrx_word' id='word_1_167' title='bbox 369 4991 481 5093; x_wconf 83' lang='lat' dir='ltr'><strong>Nec</strong></span> <span class='ocrx_word' id='word_1_168' title='bbox 506 4991 701 5089; x_wconf 88' lang='lat' dir='ltr'><strong>ratione</strong></span> <span class='ocrx_word' id='word_1_169' title='bbox 721 4987 819 5086; x_wconf 86' lang='lat' dir='ltr'><strong>alia</strong></span> <span class='ocrx_word' id='word_1_170' title='bbox 843 4986 1012 5124; x_wconf 89' lang='lat' dir='ltr'><strong>proles</strong></span> <span class='ocrx_word' id='word_1_171' title='bbox 1034 5026 1338 5126; x_wconf 87' lang='lat' dir='ltr'><strong>cognoscere</strong></span> <span class='ocrx_word' id='word_1_172' title='bbox 1363 5011 1594 5109; x_wconf 85' lang='lat' dir='ltr'><strong>matrem,</strong></span> 
     </span>
    </p>
   </div>
   <div class='ocr_carea' id='block_1_3' title="bbox 0 0 2227 5984">
    <p class='ocr_par' dir='ltr' id='par_1_12' title="bbox 0 0 2227 5984">
     <span class='ocr_line' id='line_1_28' title="bbox 0 0 2227 5984; baseline 0 0"><span class='ocrx_word' id='word_1_173' title='bbox 0 0 2227 5984; x_wconf 95' lang='lat' dir='ltr'><strong> </strong></span> 
     </span>
    </p>
   </div>
  </div>
 </body>
</html>
