4432 5984
409 260 477 358 'm
736 265 799 352 T.
862 262 1290 354 LUCRETII
1355 262 1569 353 CARI

408 502 587 629 Donec
613 526 686 626 vis
712 522 853 643 obiit,
882 560 1103 661 quaeres
1130 522 1415 624 diverberet
1438 507 1561 644 ictu,

406 700 516 800 Aut
540 700 678 798 intus
702 718 935 835 penetret
958 733 1052 831 per
1074 697 1260 815 inania,
1289 696 1655 837 dissolvatque5
1721 770 1723 774 ι

411 873 623 975 Nullius
650 873 862 972 exitium
888 873 1083 1009 patitur
1108 896 1295 972 natura»
1313 872 1492 974 uideri.

356 1081 362 1090 ·
479 1045 748 1165 Praeterea,
776 1083 1099 1183 quaecunque
1123 1069 1371 1146 vetustate
1398 1066 1595 1144 amovet
1620 1066 1765 1162 aetasr

409 1219 463 1320 Si
488 1221 696 1358 penitus
716 1220 920 1356 perimit
945 1234 1244 1320 consu-mens
1269 1220 1526 1318 materiem
1552 1255 1768 1337 omnem,

408 1390 563 1494 Unde
588 1394 803 1493 anirnale
829 1430 994 1530 genus
1014 1395 1294 1530 generatim
1319 1394 1370 1492 in
1397 1394 1592 1493 lumina
1614 1394 1742 1493 vitae·

341 1637 343 1640 <
407 1559 665 1667 Redducit
689 1564 865 1666 Venus
879 1570 903 1666 l·
935 1591 1024 1667 aut
1048 1569 1357 1702 redductum¹
1378 1566 1577 1666 daedala
1602 1566 1753 1667 tellus

359 1798 363 1805 ·
407 1737 561 1844 Unde
587 1742 691 1860 alit,
720 1763 874 1879 atque
901 1765 1077 1879 auget,
1108 1743 1392 1879 generatim.
1405 1738 1597 1878 pabula
1618 1738 1889 1878 praebenslf

408 1912 562 2016 Unde
588 1953 725 2013 mare
749 1916 959 2052 ingenui
985 1914 1166 2035 fontes,
1193 1938 1510 2053 externaque
1529 1915 1680 2051 longe

246 2179 248 2183 ,
408 2086 644 2188 Flumina
669 2090 1039 2226 suppeditantl¹
1068 2091 1204 2189 unde
1230 2087 1584 2231 aethersidera·
1601 2092 1799 2226 pascitl·

409 2257 600 2362 Omnia
625 2262 759 2360 enim
782 2261 951 2382 debet,
979 2264 1176 2388 mor-tali
1203 2300 1412 2400 corpote
1440 2287 1729 2401 quaesunt„

273 2560 278 2567 .
408 2433 617 2536 Infinita
643 2460 767 2536 aetas
789 2466 1081 2556 consumse‚.
1096 2459 1332 2537 anteacta·
1351 2436 1589 2573 diesque..

337 2720 340 2723 ,
409 2607 582 2730 Quod,
610 2612 650 2709 si
674 2612 725 2710 in
754 2649 814 2710 eo
839 2614 1018 2748 spatio,
1045 2635 1201 2750 atque
1226 2630 1454 2711 anteacta
1472 2629 1620 2707 aetate
1645 2608 1814 2733 fuere-r
1902 2668 1910 2684 ·

407 2781 453 2883 Ε
479 2784 673 2922 quibus·
693 2782 803 2883 haec
828 2822 998 2884 rerum
1024 2787 1253 2886 consistit·
1274 2821 1467 2884 summa
1493 2782 1694 2902 refecta,

407 2950 686 3057 Immortali
707 2980 828 3057 sunt
850 2982 1029 3059 natura
1054 2960 1278 3095 praedita.
1296 2980 1444 3058 certe.

408 3131 564 3233 Haud
591 3134 749 3269 igitur
773 3156 987 3269 possunt
1005 3132 1077 3232 ad‘
1097 3134 1258 3231 nilum
1285 3137 1741 3269 quaequerevertiss..
1828 3113 1830 3117 y

476 3305 727 3443 Denique·
744 3344 828 3405 res·
847 3304 1038 3404 omneis
1064 3304 1240 3403 eadem
1266 3305 1347 3403 nis
1363 3341 1615 3442 causaque
1639 3308 1801 3446 volgo
1832 3287 1838 3295 ¹

408 3477 708 3598 Conficeret,
736 3480 830 3577 nisi
857 3478 1088 3577 materies
1107 3500 1300 3576 aeterna
1319 3499 1520 3577 teneret.

406 3649 549 3753 Inter
574 3690 625 3751 se
651 3689 805 3749 nexas
831 3652 997 3750 minus
1023 3674 1111 3751 ant
1136 3652 1305 3788 magis⁴
1321 3650 1664 3787 endopedite;;
1750 3753 1752 3756 ,

404 3823 592 3928 Tactus
618 3826 760 3925 enirn.
778 3823 912 3923 lethi,
930 3827 1047 3926 satis
1073 3847 1202 3924 esset
1226 3862 1375 3924 causa
1399 3824 1649 3960 profecto:

409 3999 636 4138 Quippe,
663 3998 761 4100 ubi.-
779 4000 920 4098 nulla
944 3997 1111 4097 forent
1135 4020 1334 4096 aeterno·
1350 4033 1586 4132 corpore,
1603 4035 1786 4102 corum

409 4172 719 4275 Contextum
737 4174 818 4273 vis-
837 4169 1049 4270 deberet
1070 4168 1337 4268 dissolvere
1365 4208 1612 4307 quaequea.

404 4343 477 4447 At
500 4385 652 4467 nunc,
678 4346 811 4446 inter
836 4383 887 4443 se
914 4345 1036 4482 quia
1059 4380 1221 4447 nexus
1245 4344 1622 4479 principiorum<

405 4516 689 4620 Dissimiles
713 4540 959 4638 constant,
986 4540 1277 4653 aeternaque
1304 4520 1545 4619 materies.
1560 4543 1664 4640 est-9.

405 4692 653 4795 Incolumi
680 4715 944 4793 remanent
964 4730 1044 4790 res
1069 4727 1302 4826 corpore,
1323 4689 1443 4787 dum
1472 4694 1589 4793 satis
1614 4693 1751 4793 aeris

403 4866 495 4968 Vis
519 4867 669 4969 obeat
692 4905 786 5006 pro
811 4889 1014 4968 textura
1033 4863 1279 5000 cujusque
1304 4885 1528 4999 reperta..
