4432 5984
358 316 426 407 ὅθ
673 317 753 406 Τ
800 314 1227 508 LUCRETII
1295 316 1507 431 CAR!

362 571 432 676 Et
455 575 595 674 velut
618 598 808 676 aeterno
834 579 1106 676 certamine
1123 579 1303 751 prmlia
1327 616 1631 719 pugnasque
1801 704 1806 714 ι
1859 640 1871 661 ·
2014 616 2019 625 ·

366 744 531 856 Edere
554 736 814 849 turmatim
841 751 1113 874 certantia3
1151 791 1244 853 nec
1270 753 1390 852 dare
1415 790 1643 891 pausam,

367 921 621 1041 Conciliis,
648 944 700 1021 et
725 921 948 1077 discidiis
972 925 1193 1026 exercita
1217 924 1435 1027 crebris
1686 1060 1688 1065 Ι

369 1093 631 1233 Conjicere
656 1119 716 1195 ut
740 1098 899 1232 possis
926 1132 990 1198 ex
1014 1097 1127 1219 hoc,
1148 1067 1429 1235 primordia
1453 1135 1639 1217 rerum,
1730 1186 1741 1197 .
1852 1062 1856 1074 Ι

274 1276 276 1280 ⁴
370 1268 536 1391 Quale
563 1273 641 1391 sit,
667 1272 719 1370 in
747 1309 865 1408 mag
867 1311 932 1370 no
949 1273 1129 1410 J'actari
1156 1310 1355 1444 semper
1377 1273 1546 1396 inani;
1656 1320 1661 1332 ’
1743 1258 1747 1265 ’

370 1442 641 1544 Duntaxat
665 1481 834 1543 rerum
859 1483 1157 1583 magnarum
1175 1484 1330 1585 parva
1353 1469 1521 1584 potest
1546 1484 1625 1547 res
1759 1541 1763 1548 .

366 1617 680 1762 Exemplare
706 1618 843 1740 dare,
871 1642 923 1718 et
936 1621 1151 1756 vestigia
1177 1623 1396 1723 notitiat

441 1791 554 1894 Hoc
580 1780 731 1894 etiam
757 1794 916 1930 magis
941 1792 1050 1894 haec
1070 1795 1292 1895 animum
1318 1817 1368 1895 te
1393 1794 1653 1896 advertere
1672 1830 1766 1934 par
1781 1816 1874 1944 est

374 1969 601 2109 Corpora
627 2010 745 2110 quae
769 1973 821 2070 in
844 1969 960 2070 solis
978 1968 1137 2068 radiis
1162 1967 1367 2069 turbare
1389 1967 1657 2091 videntur:
1697 1996 1700 2001 ’
1842 1980 1845 1987 ’

374 2144 530 2265 Quod
555 2144 680 2245 tales
705 2143 873 2244 turbae
897 2163 1065 2242 mutus
1091 2176 1300 2280 quoque
1325 2145 1552 2245 materiai
1667 2276 1671 2281 .

375 2317 674 2456 Significant
699 2315 1049 2454 clandestinos,
1077 2303 1338 2453 caecosque
1363 2316 1582 2441 subesse.

374 2487 545 2591 Multa
569 2489 762 2591 videbis
786 2489 920 2588 enim
938 2486 1207 2625 plagisibi
1231 2491 1425 2626 percita
1450 2495 1594 2595 caecis

378 2661 701 2763 Commutare
720 2666 871 2783 viam,
897 2684 1135 2798 retroque
1160 2663 1363 2799 repulsa
1386 2669 1568 2767 reverti

379 2835 431 2938 N
437 2874 534 2939 unc
559 2837 675 2958 huc,
702 2866 837 2938 nunc
862 2837 1001 2954 illuc,
1029 2836 1082 2935 in
1109 2856 1313 2935 cunctas
1339 2837 1560 2978 denique
1578 2846 1797 2980 parteis:
1887 2906 1890 2911 ·

379 3010 580 3112 Scilicet
604 3009 686 3111 hic
711 3049 741 3110 a
764 3011 1028 3149 principiis
1053 3028 1130 3111 est
1151 3010 1386 3132 omnibus
1410 3051 1565 3116 error.

402 3182 618 3284 Prima
643 3205 919 3284 moventur
915 3185 1079 3283 enim
1074 3222 1253 3322 perse
1278 3180 1556 3322 primordia
1579 3227 1781 3351 rerum3

332 3444 335 3453 .
380 3357 508 3459 Inde
534 3396 608 3477 ea,
637 3396 754 3495 quse
777 3343 955 3495 pario
951 3382 1081 3459 sunt
1105 3348 1365 3496 corpora·
1339 3362 1624 3484 conciliatu,

382 3531 484 3632 Et
476 3533 620 3671 quasi
636 3533 877 3668 proxima
899 3552 1019 3630 sunt
1044 3531 1178 3643 'ad
1134 3531 1281 3631 vireis
1305 3534 1688 3700 principiorum,

382 3697 575 3807 Ictibus
600 3699 799 3819 illorum
828 3704 971 3803 caecis
987 3696 1214 3842 impulsa
1237 3707 1463 3807 cientur.

383 3879 622 4018 Ipsaque,
650 3885 767 4021 quae
793 3914 943 4015 porro
969 3881 1149 4014 paullo
1167 3881 1381 4018 majora,-
1378 3880 1656 3987 lacessunt.

385 4058 468 4161 Sic
494 4095 523 4157 a
547 4053 807 4193 principiis
833 4052 1094 4153 adscendit
1110 4046 1297 4172 motus,
1335 4055 1517 4153 etexit

386 4231 654 4334 Paullatim
683 4248 876 4326 nostros
903 4227 967 4325 ad
994 4259 1181 4346 sensus,
1195 4248 1268 4326 ut
1290 4252 1586 4330 moveantur

388 4405 484 4506 Illa
509 4436 729 4544 quoque
738 4402 792 4499 in
819 4401 935 4501 solis
960 4387 1077 4539 quae
1102 4401 1292 4502 lumine
1317 4437 1521 4504 cernere
1547 4409 1781 4574 quimus3

389 4579 502 4692 Nec
528 4575 728 4716 quibus
741 4573 806 4673 id
817 4571 1003 4674 faciant
1020 4575 1190 4714 plagis
1215 4575 1428 4711 adparet
1453 4606 1646 4717 aperte.

458 4750 631 4866 Nunc
659 4774 775 4886 quae
800 4740 1050 4848 mobilitas
1074 4749 1138 4848 sit
1162 4749 1376 4852 reddita
1384 4758 1611 4858 materiai

394 4923 918 5074 Corporibus3<paucis
942 4912 1798 5076 licethinccognoscere‚Memmi.
1856 5033 1859 5037 ,
