4432 5984
1406 58 1439 101 ί

722 328 1417 462 ¹n1uun0nurrrus.
1492 346 1496 354 “
1722 339 1858 471 2571

339 619 480 726 Dum
504 625 659 744 venit,
686 624 919 727 amittens
943 627 997 725 in
1022 634 1406 768 cursu'corpora
1431 626 1669 765 quaedam
1762 629 1788 737 J

340 800 589 923 Grandia,
605 823 1007 940 quaenequeunt
1030 802 1227 937 pariter·
1243 824 1516 939 penetrare·
1535 838 1630 938 per
1653 830 1824 922 aurast

336 971 511 1115 Atque
537 975 633 1074 alia
648 1013 722 1074 ‘ex
742 972 856 1110 ipso
881 972 1158 1074 conradens
1182 978 1297 1074 aere
1322 997 1492 1111 portat

340 1145 567 1270 Parvola,
594 1188 713 1288 quae
736 1146 937 1249 faciunt.
953 1149 1125 1285 ignem
1150 1149 1411 1248 commista
1432 1149 1678 1251 volando:
1817 1145 1821 1152 ’

251 1330 283 1390 ’-
341 1320 465 1424 Non
490 1325 587 1426 alia
612 1324 763 1460 longe
787 1323 1082 1441 ratione,ac
1106 1318 1349 1458 plumbea
1374 1360 1508 1460 saepe
1644 1396 1647 1401 -

342 1494 554 1598 Fervida
578 1497 637 1597 fit
660 1496 805 1633 glans
830 1496 1079 1612 incursu,
1107 1531 1262 1630 quom
1287 1497 1449 1597 multa
1473 1498 1653 1636 rigoris
1707 1583 1709 1586 ,

342 1666 570 1808 Corpora
595 1647 852 1770 dimittens
879 1669 1050 1807 ignem
1076 1672 1307 1807 concepit
1332 1670 1385 1771 in
1411 1671 1585 1773 auris..
1616 1741 1620 1767 2

410 1841 494 1943 Fit
518 1881 744 1983 quoque,
768 1865 828 1944 ut
852 1844 1011 1980 ipsius
1034 1841 1201 1978 plagae
1224 1842 1299 1943 vis
1324 1846 1513 1946 excitet
1535 1847 1721 1984 ignem,

342 2013 553 2156 Frigida
574 2055 730 2158 quom
754 2017 893 2118 venti
917 2015 1119 2153 pepulit
1141 2016 1215 2116 vis
1240 2017 1390 2119 missa
1416 2019 1523 2118 sine
1550 2019 1687 2156 igni:

343 2187 601 2293 Nimirum
623 2194 745 2330 quia
770 2227 927 2331 quom
945 2187 1231 2292 vehementi
1256 2192 1620 2327 perculitictu,

344 2362 615 2467 Confluere
642 2403 708 2465 ex
731 2365 848 2502 ipso.
866 2348 1078 2502 possunt
1102 2364 1352 2465 elementa
1374 2366 1590 2502 vaporis,

344 2535 414 2639 Et
438 2540 587 2640 simul
613 2579 678 2641 ex
702 2539 804 2661 illa,
832 2578 948 2677 quae
974 2562 1085 2640 tum
1110 2575 1190 2638 res
1214 2538 1406 2676 excipit
1429 2540 1617 2662 ictum3

345 2710 420 2814 Ut
444 2713 663 2851 lapidem
690 2713 823 2815 ferro
849 2751 1007 2853 quom
1032 2711 1288 2829 caedirnus,
1315 2711 1481 2811 evolat
1506 2713 1666 2853 ignis:
1775 2809 1780 2821 ,

346 2884 461 2995 Nec
486 2888 628 3027 quod
652 2887 840 3026 frigida
863 2887 938 2987 vis
963 2887 1027 2986 sit
1050 2883 1187 3005 ferri,
1215 2883 1311 2986 hoo
1335 2886 1497 2987 secius
1521 2886 1610 2986 illa
1647 2956 1653 2971 ·
1693 2965 1697 2974 .

347 3059 552 3161 Semina
575 3058 1056 3163 concurruntcalidi
1082 3057 1295 3197 fulgoris
1319 3060 1399 3160 ad*
1412 3061 1598 3161 ictum:

260 3276 263 3282 ’
347 3233 430 3336 Sic
455 3236 615 3373 igitur
639 3272 845 3372 quoque
870 3271 950 3335 res
970 3231 1181 3350 ¹accendi
1207 3232 1421 3333 fulmine
1443 3233 1617 3372 debet,

349 3405 657 3548 Opportuna
680 3408 779 3507 fuit
802 3409 843 3508 si
868 3407 1015 3525 forte,
1043 3427 1094 3505 et
1118 3404 1301 3505 idonea
1325 3408 1555 3556 flammis.
1604 3478 1608 3486 -

349 3578 462 3712 Nec
487 3578 1083 3716 temereomninoplane
1106 3579 1181 3680 vis
1204 3577 1392 3717 frigida
1414 3580 1551 3681 venti
1594 3654 1600 3664 -

350 3725 474 3855 Esne
497 3776 680 3891 potest,
706 3791 771 3853 ex
797 3791 902 3892 quo
925 3773 1068 3861 tanta
1090 3751 1140 3850 vi
1164 3747 1384 3855 immissa
1409 3762 1757 3891 superne-est:

350 3928 489 4050 Quin
516 3930 657 4067 prius
681 3931 732 4029 in
760 3967 912 4031 cursu
938 3929 979 4028 si
1003 3964 1111 4035 non,
1133 3925 1427 4065 accenditur
1451 3927 1574 4065 igni,
1630 4018 1639 4030 .

346 4103 420 4207 At
441 4103 882 4241 tepefactatamen
903 4103 1073 4243 veniat
1095 4101 1355 4201 commista
1377 4090 1561 4202 caloreJ

398 4275 683 4383 <Mobilitas
708 4298 878 4382 autem
905 4275 962 4379 fit
984 4274 1306 4395 fulminis‚2et
1329 4275 1494 4413 gravis
1515 4277 1663 4408 ictus,
1703 4313 1714 4379 .·
1792 4328 1814 4380 ·.

353 4450 422 4554 Et
446 4451 596 4553 celeri
620 4450 777 4554 ferme
802 4472 1027 4588 pergunt
1050 4451 1120 4551 sic
1137 4449 1360 4552 ‘fulmina
1382 4451 1546 4588 lapsu,

354 4623 600 4740 Nubibus
626 4624 737 4762 ipsa
762 4625 900 4769 quod
927 4627 1132 4727 omnino
1156 4624 1299 4761 prius
1322 4625 1476 4727 incita
1500 4662 1552 4725 se
1575 4616 1648 4726 vis
1746 4669 1755 4683 ³

355 4798 598 4937 Conligit,
625 4820 946 4938 etmagnum
964 4837 1206 4902 conamen
1233 4800 1386 4901 sumit
1410 4799 1595 4900 eundi:

355 4972 501 5095 lnde,
527 4972 619 5074 ubi
637 5011 746 5089 non
770 4975 940 5112 potuit
963 4972 1125 5078 nubes
1150 5011 1330 5116 capere
1354 4974 1558 5112 impetis
1582 4995 1806 5091 auctum,

1045 5154 1062 5204 9
1075 5160 1099 5202 11
