4432 5984
379 402 477 495 138
700 409 759 496 Τ.
820 407 1250 499 LUCRETII
1316 410 1528 503 CARI

373 665 653 769 Labrorum
680 688 844 789 tenus,
870 670 1062 771 interea
1086 692 1322 808 perpotet
1344 708 1570 772 amarum

373 840 613 943 Absintht
637 844 854 964 laticem,
881 845 1197 981 deceptaque
1222 884 1325 943 non
1350 847 1596 982 capiatur,

376 1014 476 1114 Sed
505 1017 674 1152 potius
698 1018 784 1116 tati
813 1040 952 1118 tactu
977 1042 1201 1119 recreata
1226 1020 1473 1145 valescat3

376 1188 459 1290 Si'o
485 1228 581 1326 ego
607 1229 760 1310 nunc,
788 1193 1029 1330 quoniam
1057 1191 1164 1294 haee
1192 1194 1318 1292 ratio
1337 1193 1643 1334 plerumque
1662 1198 1903 1307 videtur
2012 1200 2015 1205 ¹

372 1360 586 1464 Tristior
610 1403 715 1464 esse
740 1364 929 1502 quibus
956 1404 1058 1466 non
1084 1389 1159 1465 est
1183 1389 1410 1486 tractata,
1438 1389 1677 1508 retroque

372 1534 569 1675 Volgus
596 1537 835 1638 abhorret
859 1538 922 1639 ab
950 1538 1059 1659 hac,
1085 1542 1220 1641 volui
1246 1540 1341 1640 tibi
1366 1540 1754 1681 suaviloquenti

376 1709 615 1812 Carmine
640 1708 807 1812 Pierio
834 1715 1079 1813 rationem
1105 1751 1361 1852 exponere
1387 1735 1625 1837 nostram,

372 1882 443 1985 Et
468 1886 613 2025 quasi
637 1924 826 1987 musaeo
852 1886 989 1987 dulci
1014 1888 1307 2025 contingere
1332 1887 1498 2003 melle,

374 2058 428 2158 Si
455 2058 547 2160 tibi
573 2060 702 2160 forte
728 2061 950 2159 animum
971 2060 1059 2158 tali
1088 2062 1278 2161 ratione
1303 2084 1476 2162 tenere
1524 2058 1527 2063 ’

370 2230 617 2335 Versibus
643 2235 695 2331 in
721 2234 904 2333 nostris
927 2270 1143 2369 possem,
1170 2235 1293 2335 dum
1318 2235 1561 2372 perspicis
1585 2274 1811 2345 omnem

371 2405 625 2509 Naturam
652 2446 840 2529 rerum,
868 2445 925 2506 ae
948 2408 1196 2543 persentis
1215 2408 1503 2535 utilitatem.

441 2581 541 2681 Sed
571 2584 809 2719 quoniam
837 2582 986 2682 docui
1011 2604 1307 2683 cunctarum
1333 2578 1541 2681 exordia
1565 2620 1749 2689 rerum

372 2750 558 2873 Qualia
584 2754 699 2873 sint,
725 2776 777 2852 et
803 2792 956 2893 quarn
981 2755 1129 2856 variis
1156 2755 1394 2856 distantia
1417 2754 1590 2858 formis

371 2928 564 3066 Sponte
591 2966 681 3028 sua
704 2927 916 3027 volitent
940 2951 1128 3027 aeterno
1155 2931 1346 3067 percita
1369 2951 1526 3050 motu,

371 3100 596 3243 Quoque
623 3101 772 3202 modo
798 3104 993 3241 possint
1017 3142 1096 3203 res
1121 3142 1183 3200 ex
1212 3100 1288 3201 his
1315 3140 1536 3242 quaeque
1560 3110 1763 3237 ereari3

367 3278 543 3414 Atque
568 3277 720 3375 animi
750 3276 991 3416 quoniam
1016 3274 1164 3374 docui
1191 3299 1372 3375 natura
1398 3278 1521 3417 quid
1549 3302 1701 3403 esset,

369 3454 439 3554 Et
464 3452 651 3592 quibus
677 3494 704 3552 e
730 3453 882 3553 rebus
908 3492 1023 3555 eum
1051 3489 1259 3588 corpore
1285 3452 1436 3588 edpta'
1456 3452 1665 3589 vigeret,

370 3624 549 3745 Quove
575 3626 725 3726 modo
752 3626 989 3727 distracta
1014 3627 1201 3728 rediret
1226 3627 1276 3724 in
1303 3626 1445 3724 ordia
1470 3628 1664 3762 prima:

368 3794 421 3900 N
431 3839 526 3899 une
543 3838 691 3936 agere
708 3800 942 3937 incipiam
964 3800 1074 3919 tibi,
1093 3798 1231 3937 quod
1249 3796 1574 3900 vehementer
1587 3801 1650 3900 ad
1670 3801 1774 3911 has
1792 3852 1887 3921 res

366 3973 582 4093 Attinet,
609 4012 716 4074 esse
742 4012 799 4074 ea
826 4012 942 4111 quae
967 4011 1134 4073 rerum
1164 3972 1444 4074 Sirnulacra
1465 4011 1741 4106 vocamus;

368 4144 502 4267 Quae
529 4149 671 4286 quasi
699 4147 1005 4247 membranae
1032 4183 1227 4246 summo
1252 4146 1315 4244 de
1342 4184 1549 4283 corpore
1574 4187 1758 4259 rerum

366 4318 610 4461 Dereptae
635 4324 846 4422 volitant
873 4325 1005 4422 ultro
1031 4325 1261 4460 citroque
1286 4360 1378 4458 per
1403 4361 1579 4424 auras:

363 4497 537 4635 Atque
563 4496 738 4595 eadem
765 4494 910 4595 nobis
934 4497 1260 4634 vigilantibus
1285 4494 1433 4598 obvia
1456 4500 1670 4601 menteis

361 4660 677 4789 Terrifioant,
705 4694 859 4807 atque
888 4673 937 4769 in
965 4673 1166 4790 somnis,
1194 4710 1354 4809 quum
1381 4711 1513 4809 saepe
1539 4674 1744 4813 figuras

366 4845 673 4947 Contuimur
699 4848 864 4966 miras,
893 4846 1258 4983 simulacraque
1287 4847 1397 4947 luce
1423 4870 1709 4978 carentum,
1780 4874 1786 4882 “

363 5019 495 5141 Quae
521 5058 612 5120 nos
635 5018 867 5123 horrifice
892 5021 1213 5160 languenteis
1239 5061 1372 5163 saepe
1398 5060 1575 5163 sopore
