4432 5984
349 250 469 429 'ita
696 318 754 406 r.
822 315 1251 408 Lucnurn
1316 314 1524 407 enar

367 574 567 675 Primus
594 576 728 675 enim
754 596 845 692 est,
871 575 996 675 eitra
1020 574 1207 711 posteis
1233 574 1321 711 qui
1349 574 1573 674 cernitur
1595 574 1684 673 aer
1699 614 1716 697 ;

366 746 494 851 lude
520 748 651 848 fores
679 750 800 884 ipsae
826 746 1006 846 dextra
1029 746 1258 886 laevaque
1284 771 1568 886 sequnntur
1583 786 1599 868 3

366 922 488 1025 Post
513 924 733 1024 extraria
759 922 849 1021 lux
873 924 1045 1022 oeulos
1069 945 1344 1061 perterget,
1372 945 1424 1021 et
1448 926 1536 1045 ae'r

364 1099 529 1217 Alter,
557 1120 607 1196 et
632 1097 717 1195 illa
742 1094 861 1193 foris
888 1133 1006 1232 quae
1032 1131 1147 1194 vere
1172 1096 1586 1232 transpieiuntur.

367 1270 450 1373 Sic
476 1268 567 1372 ubi
593 1308 643 1369 se
669 1271 891 1406 primum
919 1269 1107 1404 speculi
1135 1269 1347 1405 projecit
1370 1272 1555 1409 imago,

366 1442 509 1547 Dum
533 1446 672 1544 veuit
696 1443 757 1542 ad
786 1464 981 1541 nostras
1007 1442 1152 1560 acies,
1178 1443 1436 1580 protrudit
1459 1446 1669 1586 agitque

363 1620 500 1719 Aera
527 1618 618 1755 qui
645 1618 777 1715 inter
803 1654 854 1715 se
880 1653 1084 1751 cunque
1110 1638 1186 1715 est
1210 1617 1485 1755 oculosque
1509 1618 1735 1743 locatus3

364 1789 433 1891 Et
458 1790 579 1891 facit
606 1812 664 1890 ut
692 1790 831 1927 prius
856 1788 993 1889 hunc
1019 1826 1218 1888 omnem
1245 1792 1428 1890 sentire
1455 1831 1701 1930 queamus

365 1963 533 2085 Quam
561 1966 851 2103 speculum:
882 1963 968 2063 sed
999 1963 1083 2064 ubi
1104 1964 1365 2101 speculum
1387 2003 1594 2106 quoque
1612 1972 1876 2075 sensimus

502 2142 686 2276 ipsum,

364 2315 621 2417 Continuo
647 2355 677 2416 a
701 2314 846 2417 nobis
873 2318 922 2416 in
951 2317 1003 2417 id
1032 2316 1156 2435 haee,
1185 2351 1303 2452 quae
1330 2312 1508 2437 fertur,
1535 2320 1702 2461 imago

361 2490 615 2609 Pervenit,
643 2513 695 2589 et
718 2513 913 2590 nostros
938 2490 1109 2591 oculos
1133 2488 1320 2623 rejecta
1344 2490 1542 2614 revisit3

359 2664 533 2802 Atque
560 2665 715 2763 alium
742 2700 850 2799 prae
876 2703 927 2763 se
951 2662 1241 2801 propellens
1267 2664 1383 2760 aera
1405 2662 1576 2785 volvit,

363 2834 432 2936 Et
460 2836 580 2937 facit
605 2860 662 2935 ut
687 2838 828 2974 prius
852 2834 989 2937 hunc
1017 2873 1169 2974 quam
1197 2873 1248 2933 se
1274 2834 1560 2940 videamus:
1599 2876 1768 2979 eoque

362 3008 565 3111 Distare
593 3050 622 3110 a
648 3011 852 3147 speculo
877 3033 1076 3109 tanturn
1101 3030 1293 3108 remota
1315 3010 1533 3114 videtur.

364 3182 536 3304 Quare
563 3187 712 3319 etiam
741 3205 896 3321 atque
922 3184 1075 3281 etiam
1102 3183 1306 3281 minime
1328 3183 1552 3283 mirarier
1576 3209 1652 3285 est
1674 3224 1772 3325 par

361 3354 485 3474 lllis,
514 3395 631 3495 quae
657 3355 879 3455 reddunt
905 3357 1225 3492 speculorum
1252 3394 1317 3455 ex
1343 3394 1549 3493 aequore
1574 3360 1755 3483 visum,

360 3530 580 3631 Aeribos
607 3531 754 3648 binis,
783 3530 1021 3667 quoniam
1047 3565 1126 3627 res
1152 3528 1309 3628 confit
1333 3552 1569 3670 utroque.

431 3702 483 3803 N
488 3742 587 3805 unc
614 3741 688 3821 ea,
715 3741 832 3839 quae
860 3700 1003 3800 nobis
1029 3700 1370 3801 membrorum
1398 3704 1609 3809 dextera
1626 3748 1745 3849 pars
1763 3736 1860 3837 est,

364 3876 426 3978 In
453 3878 667 4012 speculis
694 3876 752 3975 fit
777 3899 837 3977 ut
862 3877 914 3974 in
941 3876 1067 3974 laeva
1091 3874 1338 3993 videatur,
1364 3914 1423 3975 eo
1449 3877 1586 4016 quod

363 4052 631 4154 Planitiem
659 4051 719 4150 ad
749 4050 939 4188 speculi
968 4050 1170 4149 veniens
1196 4086 1311 4147 cum
1335 4047 1549 4150 offendit
1565 4053 1752 4193 imago,

365 4225 489 4327 Non
515 4227 824 4325 convertitur
847 4224 1141 4344 ineolumis3
1181 4221 1267 4321 sed
1288 4244 1423 4321 reeta
1447 4246 1720 4329 retrorsum
1852 4354 1858 4363 Ι

365 4401 448 4501 Sic
474 4399 695 4517 eliditur,
722 4423 780 4498 ut
805 4400 962 4536 siquis
990 4400 1129 4535 prius
1155 4397 1296 4496 arida
1321 4435 1474 4534 quam
1499 4402 1564 4500 sit

213 4616 217 4623 ·
367 4573 550 4674 Cretea
572 4607 803 4706 persona,
832 4570 1024 4670 adlidat
1049 4571 1229 4707 pilaeve
1260 4568 1478 4693 trabive3

363 4746 536 4880 Atque
563 4779 622 4840 ea
647 4744 886 4844 continuo
911 4768 1096 4845 rectam
1126 4750 1164 4846 si
1190 4747 1355 4847 fronte
1381 4747 1598 4886 figuram

366 4918 556 5029 servet,
582 4937 633 5015 et
658 4916 829 5017 elisam
855 4941 990 5019 retro
1016 4958 1124 5021 sese
1149 4924 1400 5058 exprimat
1422 4924 1532 5061 ipsa
1545 4965 1561 5049 ;
