4432 5984
446 341 549 465 aaa
784 345 845 439 r.
911 338 1350 437 uncanrn.
1404 342 1618 439 carr

447 605 616 708 Strata
639 600 826 706 cubilia
850 625 969 704 sunt
991 600 1179 721 herbis,
1205 624 1258 701 et
1281 601 1740 709 frondibus-aucta.

445 778 600 882 Pellis
624 779 745 878 item
770 777 967 896 cecidit,
992 776 1143 875 vestis
1168 802 1458 918 contempta
1480 781 1642 884 ferina
1665 804 1758 904 est,

446 951 616 1075 Quam
640 991 754 1054 reor
778 953 967 1053 invidia
989 951 1079 1052 tali
1104 973 1227 1105 tuno
1252 990 1358 1053 esse
1384 978 1651 1091 repertam,
1732 934 1737 943 ⁵

445 1126 522 1231 Ut
545 1126 740 1228 lethum
764 1124 973 1243 insidiis,
1002 1125 1092 1261 qui
1117 1125 1272 1261 gessit
1294 1126 1504 1264 primus,
1529 1127 1723 1255 obiret.;

445 1299 516 1402 Et
539 1302 743 1403 tandem
769 1301 1007 1401 intereos
1034 1297 1344 1421 distractum,
1371 1304 1618 1440 sanguine
1642 1304 1806 1405 multo

446 1472 772 1614 Dispersisse,
798 1512 968 1613 neque
993 1471 1294 1574 infractum
1320 1502 1609 1579 convertere
1635 1480 1816 1619 qulsse.

513 1649 665 1793 Tune
684 1650 843 1788 igitur
866 1646 1040 1784 pelles,
1067 1681 1202 1746 nuno
1227 1686 1425 1771 aurum,
1447 1675 1498 1752 et
1520 1690 1752 1791 purpura
1776 1653 1909 1755 curis

447 1826 703 1930 Exercent
727 1823 991 1925 hominum
1014 1823 1185 1942 vitam,
1211 1820 1452 1963 belloque
1476 1825 1722 1964 fatigant:

445 2001 565 2125 Quo
589 2003 749 2140 magis
774 2002 826 2101 in
852 1999 997 2100 nobis
1023 2001 1109 2135 (ut
1133 1999 1340 2136 opinor)
1366 2000 1516 2137 culpa
1541 2002 1732 2105 residit.

444 2177 626 2316 Frigus
650 2178 784 2277 enim
810 2175 974 2277 nudos
1000 2176 1105 2275 sine
1131 2170 1352 2313 pellibus
1376 2173 1700 2278 excruciabat

440 2351 773 2491 Terrigenas:
813 2372 866 2451 at
890 2388 980 2449 nos
1005 2348 1078 2448 nil
1103 2348 1247 2448 laedit
1270 2372 1406 2449 veste
1433 2387 1602 2451 carere

441 2519 722 2668 Purpurea,
749 2547 902 2662 atque
928 2560 1066 2642 auro,
1095 2522 1353 2660 signisque
1380 2522 1673 2660 ingentibus
1699 2547 1848 2663 apta3

442 2701 585 2807 Dum
610 2699 811 2842 plebeia
833 2720 1002 2799 tamen
1029 2697 1107 2815 sit,
1136 2733 1253 2833 quae
1281 2696 1553 2797 defendere
1579 2699 1764 2835 possit:

442 2874 582 3018 Ergo
607 2875 870 2976 bominum
895 2909 1055 3010 genus
1080 2875 1329 2969 incassum
1356 2867 1647 3008 frustraque
1673 2869 1887 2994 laborat,

442 3053 655 3192 Semper
679 3073 730 3150 et
754 3050 805 3149 in
833 3047 966 3148 curis
992 3043 1243 3146 consumit
1268 3040 1504 3142 inanibus
1529 3081 1720 3167 aevom3

442 3227 719 3344 Nimirum,
748 3222 996 3361 quianon
1022 3217 1272 3356 cognovit,
1302 3254 1417 3354 quae
1445 3218 1509 3316 sit
1534 3216 1757 3319 habendi

442 3400 597 3519 Finis,
624 3420 677 3498 et
699 3395 903 3496 omnino
930 3391 1099 3530 quoad
1125 3413 1315 3491 crescat
1336 3429 1453 3491 vera
1476 3392 1738 3529 voluptas:

442 3573 608 3714 quue
634 3571 922 3672 minutatim
947 3569 1100 3667 vitam
1123 3567 1356 3704 provexit
1381 3568 1432 3666 in
1460 3566 1636 3686 altum,

424 3746 513 3850 ·Et
537 3747 658 3847 belli
684 3778 892 3884 magnos
917 3741 1187 3843 commovit
1211 3738 1441 3841 funditus
1465 3761 1633 3841 aestus.

509 3919 582 4023 At
604 3920 781 4058 vigiles
806 3913 985 4018 mundi
1011 3951 1252 4052 magnum
1277 3940 1330 4018 et
1351 3917 1582 4020 versatile
1606 3917 1858 4058 templum

442 4094 531 4199 Sol
555 4120 608 4198 et
631 4096 754 4196 luna
778 4131 867 4194 suo
892 4091 1161 4192 lustrantes
1186 4092 1377 4193 lumine
1404 4092 1592 4192 circum

442 4268 758 4373 Perdocuere
783 4265 1011 4366 homines
1036 4301 1282 4366 annorum
1306 4287 1535 4402 tempora
1559 4264 1717 4366 verti:

442 4442 512 4546 Et
537 4468 673 4547 certa
695 4442 887 4541 ratione
913 4441 1020 4577 geri
1046 4477 1169 4558 rem,
1197 4461 1350 4578 atque
1376 4437 1553 4538 ordine
1579 4461 1731 4541 certo.

510 4616 544 4720 J
548 4656 627 4718 am
651 4616 829 4718 validis
855 4614 982 4752 septi
1009 4612 1265 4752 degebant
1288 4612 1511 4714 turribus
1538 4651 1713 4727 aevom,
1841 4748 1844 4753 Ι

443 4793 513 4897 Et
537 4795 693 4896 divisa
717 4790 993 4911 colebatur,
1021 4791 1338 4928 discretaque
1363 4786 1541 4888 tellus:

439 4966 575 5073 Tum
600 5006 736 5073 mare
764 4966 1029 5070 velivolum
1052 4960 1267 5068 florebat
1292 4960 1502 5066 navibus
1526 4960 1708 5104 pandis
1722 5001 1737 5088 3
