4432 5984
311 332 410 489 112
649 342 710 429 Τ.
777 340 1201 432 LUCRETII
1265 340 1476 433 CARI

309 594 473 698 Crura
499 598 788 698 vacillantit
826 602 1066 701 tardescit
1090 601 1299 737 lingual
1336 600 1508 701 madet
1532 600 1739 699 mens!

307 770 456 871 Nant
480 772 646 871 oculil
685 771 890 893 elamor,
917 774 1187 912 singultus
1207 772 1381 911 jurgia
1404 774 1684 913 gliscunt?

304 944 374 1047 Et
391 948 498 1084 jam
526 969 710 1047 caetera
735 945 799 1044 de
825 986 1012 1084 genere
1031 945 1125 1047 hoc
1146 984 1470 1085 quaecunque
1499 968 1848 1087 sequuntur,

307 1122 654 1224 Curvascuntl
680 1122 776 1221 nisi
803 1122 944 1259 quod
968 1118 1239 1221 vehemens
1263 1122 1501 1222 violentia
1523 1122 1639 1222 vini

305 1296 627 1399 Conturbare
652 1298 872 1395 animam
898 1294 1158 1395 consuevit
1180 1331 1390 1431 corpore
1416 1298 1468 1396 in
1495 1298 1651 1435 ipso?

301 1470 375 1571 At
399 1508 727 1609 quaecunque
748 1492 947 1607 queunt
972 1466 1280 1587 conturbari,
1307 1470 1464 1609 inque
1491 1470 1688 1609 pediri,

303 1645 622 1782 Significant,
650 1645 851 1780 (paullo
877 1645 917 1741 si
938 1643 1112 1742 durior
1135 1644 1403 1744 insinuarit

304 1817 497 1951 Causa)
523 1817 631 1917 fore
656 1840 715 1918 ut
740 1839 967 1954 pereant,
994 1855 1102 1917 aevo
1128 1818 1324 1954 privata
1348 1818 1535 1920 futuro.

374 1989 688 2112 Quinetiam,
714 1990 882 2091 subita
904 1992 952 2091 vi
979 1989 1139 2089 morbi
1168 2028 1304 2127 saepe
1330 2016 1531 2095 coactus

300 2167 438 2267 Ante
463 2168 634 2267 oculos
659 2167 843 2305 aliquis
868 2187 1081 2283 nostroS,
1109 2186 1167 2263 ut
1192 2162 1418 2265 fulminis
1443 2170 1565 2286 ictu,

304 2339 558 2458 Concidit,
585 2362 638 2437 et
661 2376 865 2477 spumas
885 2340 1007 2485 agit,
1028 2339 1257 2477 ingemit,
1284 2362 1336 2438 et
1360 2342 1534 2441 tremit
1556 2362 1734 2463 artus,

302 2512 525 2650 Desipit,
551 2537 781 2613 extentat
803 2554 997 2629 nervos
1024 2538 1312 2654 torquetur,
1339 2513 1561 2635 anhelat,

302 2684 655 2786 Inconstanter
678 2710 730 2787 et
754 2691 805 2787 in
825 2690 1068 2826 jactando
1096 2688 1326 2789 membra
1348 2687 1559 2826 fatigat:

303 2856 581 2976 Nimirum,
609 2860 731 2995 quia
754 2863 827 2961 vis
854 2862 1017 2962 morbi
1043 2862 1280 2964 distracta
1304 2901 1398 3000 per
1423 2886 1562 2963 artus

299 3029 500 3131 Turbat
525 3070 680 3168 agens
705 3035 946 3153 animum,
974 3073 1212 3172 spumans
1239 3059 1296 3136 ut
1319 3039 1369 3136 in
1398 3075 1607 3177 aequore
1634 3042 1791 3145 salso

171 3198 188 3231 ⁶
301 3202 585 3302 Ventorum
610 3206 788 3306 validis
813 3206 1044 3308 fervescit
1066 3210 1256 3311 viribus
1277 3209 1428 3310 unda.

302 3376 624 3511 Exprimitur
647 3416 799 3514 porro
825 3384 1061 3517 gemitus,
1088 3387 1210 3523 quia
1235 3382 1466 3485 membra
1491 3386 1672 3487 dolore

300 3548 658 3670 Adficiuntur3
687 3574 737 3647 et
761 3556 965 3654 omnino
994 3556 1130 3693 quod
1160 3560 1350 3657 semina
1371 3559 1511 3658 vocis

300 3721 605 3838 Eliciuntur,
632 3744 684 3818 et
708 3761 793 3820 ore
820 3724 949 3825 foras
975 3728 1251 3863 glomerata
1275 3730 1526 3852 feruntur,

301 3891 422 4011 Qua
447 3894 589 4027 qtrasi
616 3921 937 4015 consuerunt,
963 3922 1015 3997 et
1039 3924 1156 4001 sunt
1180 3905 1376 4003 munita
1400 3906 1517 4007 viai.

300 4066 621 4200 Desipientia
644 4066 718 4179 fit,
746 4070 866 4200 quia
890 4071 963 4167 vis
989 4074 1138 4171 animi
1166 4096 1321 4211 atque
1348 4079 1535 4177 animai

300 4236 664 4352 Conturbatur,
693 4261 743 4334 et
768 4244 853 4370 (ut
877 4240 1051 4373 docui)
1079 4243 1236 4343 divisa
1260 4284 1483 4349 seorsum

297 4408 626 4542 Disjectatur,
654 4408 829 4507 eodem
856 4409 941 4507 illo
968 4411 1203 4512 distracta
1225 4454 1434 4523 veneno

296 4580 426 4683 Inde
451 4577 540 4676 ubi
557 4578 663 4714 jam
692 4580 851 4679 morbi
877 4620 928 4680 se
954 4584 1098 4683 flexit
1122 4624 1285 4707 causa,
1312 4594 1550 4733 reditque

294 4753 357 4853 In
382 4746 599 4848 latebras
625 4772 731 4846 ater
756 4757 977 4891 corrupti
1003 4763 1224 4895 corporis
1248 4762 1447 4888 humor,

290 4924 426 5025 Tum
452 4921 595 5056 quasi
620 4924 884 5025 vaccillans
909 4932 1130 5063 primum
1156 4942 1432 5077 consurgit,
1460 4966 1512 5043 et
1537 4948 1751 5051 omneis
