4432 5984
378 350 478 451 160
698 358 760 447 Τ.
826 354 1255 447 Lt'clturll
1317 350 1532 445 CARI

374 618 597 720 Finitimi
625 616 845 755 fingunt,
871 638 924 715 et
950 613 1150 717 Faunos
1174 654 1285 717 esse
1310 614 1637 753 loquuntur,

372 794 605 915 Quorum
631 794 896 929 noctivago
920 792 1154 927 strepitu,
1179 790 1408 927 ludoque
1423 788 1628 927 jooenti

371 966 662 1067 Adfirmant
687 966 835 1103 volgo
858 967 1110 1065 taciturna
1135 964 1337 1063 silentia
1360 966 1549 1103 rumpi,

374 1138 799 1277 Chordarumque
824 1179 971 1242 sonos
995 1140 1122 1257 fieri,
1142 1137 1439 1277 dulceisque
1463 1138 1747 1279 quercla,

368 1310 521 1411 Tibia
545 1350 672 1451 quas
696 1310 867 1413 fundit
890 1313 1064 1450 digitis
1088 1311 1288 1448 pulsata
1310 1338 1624 1417 canentum:

371 1484 440 1587 Et
464 1524 626 1625 genus
649 1484 927 1621 agricolum
952 1485 1052 1585 late
1077 1484 1363 1605 sentiscere,
1383 1524 1543 1627 quom
1568 1484 1703 1591 Pan

370 1658 531 1762 Pinea
555 1659 773 1761 semiferi
798 1660 977 1798 capitis
1001 1659 1250 1759 velamina
1272 1698 1536 1798 quassans,

370 1836 521 1940 Unco
546 1874 680 1974 saepe
704 1833 849 1935 labro
872 1837 1089 1937 calamos
1114 1836 1364 1973 percurrit
1389 1832 1635 1957 hianteis,

368 2010 561 2111 Fistula
586 2010 860 2109 silvestrem
888 2049 950 2110 ne
975 2031 1135 2111 cesset
1158 2009 1374 2111 fundere
1398 2050 1621 2113 musam.

369 2186 569 2283 Caetera
587 2182 652 2283 de
670 2222 855 2320 genere
875 2183 969 2286 hoc
989 2208 1210 2285 monstra
1229 2224 1286 2285 ac
1303 2208 1538 2322 portenta
1554 2188 1887 2329 loquuntur,

367 2359 453 2463 Ne
479 2362 588 2462 loca
612 2359 812 2459 deserta
834 2358 899 2460 ab
924 2361 1052 2461 diris
1077 2398 1285 2499 quoque
1310 2360 1441 2461 sorte
1466 2384 1748 2499 putentur

367 2538 487 2639 Sola
511 2560 710 2659 tenere,
747 2534 862 2635 ideo
879 2533 1075 2671 jactant
1100 2534 1343 2633 miracula
1366 2534 1549 2637 dictis:

363 2715 475 2813 Aut
498 2712 670 2849 aliqua
697 2711 891 2809 ratione
915 2708 1012 2807 alia
1033 2706 1309 2825 ducuntur,
1339 2731 1396 2808 ut
1419 2746 1576 2809 omne

367 2886 666 2988 Humanum
690 2922 853 3021 genus
878 2907 954 2984 est
978 2882 1182 2983 aridum
1209 2884 1358 2984 nimis
1382 2886 1773 2997 auricularum.

437 3061 589 3181 Quod
619 3084 862 3197 superest,
889 3082 1090 3159 nonest
1116 3058 1422 3178 mirandum,
1448 3098 1560 3199 qua
1585 3068 1806 3173 latione

366 3234 499 3355 Quae
526 3236 634 3335 loca
659 3272 753 3373 per
777 3255 1042 3372 nequeunt
1059 3232 1192 3331 oculi
1220 3270 1298 3332 res
1322 3271 1530 3337 cernere
1556 3266 1803 3377 aperta,

365 3410 494 3512 Haec
521 3412 629 3511 loca
654 3448 747 3547 per
771 3446 915 3509 voces
941 3407 1160 3524 veniant,
1185 3408 1456 3547 aureisque
1475 3408 1784 3522 lacessant:

365 3586 537 3706 Quom
552 3586 813 3723 loquimur
831 3582 1012 3684 clausis
1038 3578 1247 3699 foribus
1276 3582 1416 3720 quod
1433 3620 1574 3723 saepe
1601 3588 1875 3697 videmus:

363 3756 641 3875 Nimirum,
668 3758 790 3896 quia
814 3794 912 3855 vox
937 3793 1029 3892 per
1053 3757 1186 3855 flexa
1211 3756 1459 3858 foramina
1477 3796 1666 3865 rerum

362 3930 638 4034 incolumis
662 3930 872 4030 transire
898 3953 1079 4068 potest,
1100 3932 1367 4033 simulacra
1391 3954 1684 4041 renutant:

362 4107 762 4210 Perseiuduntur
785 4106 937 4221 euim,
965 4106 1059 4203 nisi
1086 4128 1222 4205 recta
1246 4105 1493 4207 foramina
1516 4128 1784 4243 tranaut3

362 4281 551 4402 Qualia
575 4301 693 4378 suut
718 4278 848 4394 vitri,
875 4277 1064 4411 species
1089 4314 1208 4413 quae
1233 4282 1509 4382 transvolat
1525 4290 1737 4397 omnis,

434 4453 701 4572 Praeterea‚
729 4452 914 4589 parteis
939 4451 992 4549 in
1017 4474 1222 4552 cunctas
1248 4451 1496 4557 dividitur
1511 4494 1647 4587 vox,

363 4626 446 4729 Ex
471 4628 580 4728 aliis
604 4626 715 4727 aliae
743 4626 979 4763 quoniam
1007 4625 1308 4761 gignuntur,
1337 4628 1427 4730 ubi
1451 4668 1562 4733 una

361 4800 598 4904 Dissiluit
621 4799 772 4900 semel
799 4800 849 4897 in
875 4800 1058 4899 multas
1083 4825 1274 4921 exorta,
1302 4804 1448 4943 quasi
1473 4804 1627 4943 iguis

364 4975 512 5113 Saepe
538 4975 666 5075 solet
688 4973 903 5074 scintilla
927 5012 1041 5075 suos
1066 5014 1118 5075 se
1144 5014 1382 5116 spargere
1407 4981 1459 5081 in
1484 4980 1712 5121 ignei„
