4432 5984
781 361 1052 466 maun
1112 338 1464 470 uulnus.
1523 381 1544 399 ·
1811 396 1870 495 .9

382 621 533 722 Clara
556 643 659 721 tuae
684 623 869 758 possim
896 624 1227 760 praepandere
1246 625 1440 724 lumina
1464 629 1637 746 menti,
1704 752 1708 759 .

379 793 481 896 Res
508 794 695 933 quibus
720 797 941 898 occultas
965 800 1168 935 penitus
1195 801 1448 899 convisere
1471 802 1648 938 possis.

423 956 425 960 Α
450 969 773 1107 Hunoigitur
787 993 1026 1071 terrorem
1044 973 1865 1112 animi‚teuebrasquenecesseest
1909 1051 1912 1055 ›

378 1142 500 1248 Non
527 1145 654 1246 radii
680 1146 811 1266 solie,
834 1182 1001 1282 neque
1026 1146 1196 1246 lucida
1219 1148 1321 1246 tela
1346 1148 1446 1248 diei

376 1315 682 1438 Discutiunt,
710 1318 797 1418 sed
824 1342 1017 1420 naturae
1044 1323 1248 1459 species
1274 1323 1533 1460 ratioque:

375 1489 689 1629 Principium
716 1489 831 1591 hino
856 1494 998 1632 cujus
1022 1494 1167 1597 uobis
1193 1495 1401 1595 exordia
1425 1520 1618 1623 sumet3
1750 1542 1754 1547 ·

377 1667 429 1769 N
438 1703 599 1765 unuin
629 1703 727 1763 auu
758 1704 784 1763 r
814 1703 986 1766 murto
1016 1705 1159 1766 sisui
1190 1689 1441 1767 urvrunus
1469 1705 1693 1793 uuonan,
1764 1746 1767 1750 .
1855 1734 1858 1739 -

375 1840 583 1980 Quippe
610 1844 681 1941 ita
704 1841 920 1942 formido
946 1845 1198 1944 mortaleis
1224 1848 1449 1946 eontinet
1472 1849 1680 1970 omneis,

375 2014 527 2136 Quod
554 2017 714 2116 multa
736 2019 790 2116 iu
816 2019 961 2117 terris
985 2017 1094 2117 fieri
1120 2019 1346 2157 ooeloque
1371 2043 1596 2143 tuentur,

374 2187 605 2309 Quorum
631 2228 839 2328 operum
867 2216 1039 2292 causas
1063 2192 1204 2328 nulla
1229 2195 1421 2292 ratione
1445 2195 1616 2296 videre
1688 2270 1691 2274 Δ

372 2363 605 2486 Possunt,
633 2405 689 2466 ac
716 2366 824 2465 lieri
849 2365 1020 2466 divino
1045 2368 1251 2466 numine
1277 2389 1466 2468 rentur.
1596 2421 1598 2424 >

372 2537 513 2658 Quas
538 2539 604 2638 ob
630 2577 725 2659 τες,
752 2537 840 2638 ubi
864 2538 1137 2640 viderimus
1156 2539 1229 2638 nil
1253 2577 1399 2678 posse
1425 2542 1582 2642 creari

370 2710 452 2813 De
478 2713 654 2835 nihilo,
681 2737 806 2834 tum,
835 2710 973 2851 quod
1000 2713 1277 2848 sequimur,
1304 2711 1412 2848 jam
1436 2715 1620 2815 rectius
1639 2715 1758 2816 inde

368 2884 750 3025 Perspiciemus,
778 2911 836 2986 ut
859 2887 995 2985 unde
1023 2908 1178 3023 queat
1200 2922 1279 2985 res
1306 2923 1525 3026 quaeque
1552 2891 1726 3010 creari,

368 3061 436 3164 Et
463 3102 565 3202 quo
593 3102 812 3202 quaeque
838 3060 989 3160 modo
1015 3059 1140 3158 fiant
1165 3095 1318 3195 opera
1343 3061 1449 3158 sine
1476 3059 1659 3163 divom.

436 3234 572 3336 Nam
601 3236 640 3334 si
668 3236 731 3335 de
757 3234 915 3335 nihilo
940 3235 1135 3352 fierent,
1163 3272 1228 3333 ex
1252 3231 1486 3333 omnibus
1510 3231 1662 3335 rebus

364 3409 534 3511 Omne
559 3447 719 3547 genus
744 3409 880 3508 nasci
904 3429 1076 3544 posset
1084 3447 1098 3530 3
1136 3405 1209 3505 nil
1235 3407 1421 3505 semine
1448 3429 1642 3544 egeret:

364 3583 570 3686 Emare
596 3585 816 3720 primum
843 3579 1086 3699 homines,
1115 3619 1142 3679 e
1167 3602 1301 3678 terra
1324 3601 1494 3714 posset
1518 3580 1633 3682 oriri
1757 3581 1759 3586 ⁸

362 3758 804 3898 Squammigerum
832 3792 992 3892 genus
1016 3777 1067 3853 et
1089 3731 1346 3874 volucres3
1385 3790 1649 3892 erumpere
1674 3757 1799 3858 coelo

358 3918 604 4031 Armenta
628 3952 781 4067 atque
807 3928 919 4026 aliae
943 3927 1184 4063 pecudes:
1224 3965 1385 4065 genus
1409 3967 1559 4030 omne
1582 3930 1801 4036 ferarum

358 4103 559 4205 Incerto
584 4123 732 4240 partu
759 4101 909 4219 culta,
937 4138 993 4200 ao
1020 4071 1216 4200 deserta
1238 4123 1460 4202 teneret:
1580 4140 1584 4146 ’

358 4275 472 4378 Neo
496 4276 689 4376 fructus
713 4274 867 4372 iidem
893 4271 1154 4373 arboribus
1180 4298 1405 4377 constare
1431 4279 1662 4400 solerent,

357 4451 457 4551 Sed
484 4465 828 4550 mutarentur:
868 4444 997 4544 ferre
1019 4480 1192 4546 omnes
1217 4451 1385 4549 omnia
1408 4475 1626 4588 possent.
1690 4521 1693 4526 -

355 4621 582 4762 Quippe,
610 4622 699 4722 ubi
724 4659 825 4722 non
851 4643 1016 4720 essent
1040 4622 1280 4758 genitalia
1298 4661 1507 4761 corpora
1525 4628 1765 4767 quoique,
1853 4639 1858 4649 '

357 4796 461 4918 Qut
486 4820 654 4935 posset
677 4819 838 4898 mater
860 4794 1012 4896 rebus
1035 4784 1304 4898 consistere
1328 4802 1487 4902 certal

352 4971 425 5073 At
449 5011 584 5075 nunc
609 4972 883 5075 seminibus
909 4973 1029 5111 quia
1054 4975 1201 5075 certis
1226 4973 1456 5113 quidque
1474 4996 1687 5095 creatur,
1718 5028 1720 5033 ·
1846 4991 1850 4998 ’

1047 5155 1065 5199 C
