4432 5984
736 385 1008 477 LIBER
1073 383 1497 479 QUARTUS.
1752 378 1851 492 177

359 638 682 744 Conveniunt
707 645 971 747 simulacra
995 644 1115 745 foris
1142 685 1170 744 e
1194 681 1404 782 corpore
1430 681 1653 782 qnoque,

356 814 557 918 Nuntia
580 819 810 956 praeclari
834 819 999 919 voltus
1024 817 1328 958 pulchrique
1354 819 1560 920 coloris:

359 989 466 1111 Qui
484 995 589 1093 ¹ciet
613 995 823 1095 inritans
849 992 958 1095 loca
981 993 1189 1132 turgida
1214 996 1401 1094 semine
1428 993 1605 1114 multu,

356 1161 432 1267 Ut
457 1168 602 1304 quasi
627 1169 890 1269 transactis
915 1205 1049 1305 saepe
1076 1166 1311 1269 omnibus
1337 1168 1490 1269 rebus
1508 1167 1822 1306 profundant

360 1338 606 1443 Fluminis
632 1345 881 1482 ingenteis
906 1344 1108 1462 fluctus,
1134 1365 1427 1480 vestemque
1452 1366 1732 1448 cruentent.

429 1515 740 1620 Sollicitatur
762 1519 812 1618 id
841 1519 894 1618 in
920 1516 1082 1637 nobis,
1110 1515 1248 1654 quod
1277 1515 1497 1621 diximus
1523 1540 1656 1638 ante,

242 1809 244 1813 y
360 1688 558 1812 Semen,
585 1692 758 1794 adulta
784 1715 905 1833 aetas
929 1730 1085 1830 quom
1111 1694 1332 1829 primum
1352 1691 1557 1792 roborat
1581 1715 1747 1794 artus:

361 1864 605 2006 Namque
630 1869 750 1969 alias
777 1868 915 1970 aliud
942 1908 1019 1969 res
1045 1889 1325 1968 commovet
1349 1888 1503 2003 atque
1530 1867 1754 1990 lacessit3

361 2037 443 2142 Ex
469 2039 669 2141 homine
695 2039 975 2143 humanum
1001 2079 1170 2143 semen
1196 2043 1295 2142 ciet
1320 2081 1421 2143 una
1447 2040 1662 2144 hominis
1687 2045 1774 2143 vis.

274 2244 277 2249 “
361 2209 516 2333 Quod
543 2217 845 2354 simulatque
872 2215 973 2317 suis
998 2215 1214 2352 ejectum
1242 2215 1446 2318 sedibus
1472 2219 1593 2337 exit,

360 2386 460 2490 Per
486 2389 712 2493 membra
736 2414 891 2529 atque
917 2413 1055 2492 artus
1082 2389 1282 2492 decedit
1305 2429 1514 2530 corpore
1539 2414 1647 2492 toto

362 2562 422 2664 In
450 2565 558 2666 loca
582 2565 881 2665 conveniens
908 2602 1172 2666 nervorum
1199 2589 1335 2667 certa
1350 2605 1364 2691 ;
1402 2567 1602 2704 cietque

363 2739 619 2842 Continuo
645 2741 831 2879 parteis
855 2738 1117 2876 genitaleis
1142 2740 1364 2875 corporis
1389 2740 1552 2878 ipsas:

361 2911 574 3015 Inritata
597 2936 797 3016 tument
819 2914 929 3014 loca
955 2915 1159 3033 semine,
1180 2913 1342 3051 litque
1368 2912 1601 3012 voluntas

361 3081 558 3223 Ejicere
585 3088 654 3207 id,
682 3125 785 3236 quo
811 3124 862 3186 se
887 3083 1151 3185 contendit
1175 3083 1284 3184 dira
1306 3085 1497 3212 libido;

362 3258 528 3399 quue
554 3263 686 3399 petit
709 3299 892 3399 corpus
917 3298 1072 3379 mens,
1100 3257 1238 3359 unde
1264 3281 1341 3359 est
1365 3261 1532 3362 saucia
1557 3296 1755 3362 amore:

365 3432 608 3574 Namque
626 3473 801 3536 omues
821 3436 1124 3572 plerumque
1144 3433 1334 3534 cadunt
1351 3435 1403 3534 in
1422 3433 1618 3557 volnus,
1639 3459 1690 3536 et
1707 3436 1845 3536 illam

363 3605 562 3710 Emicat
586 3612 638 3709 in
662 3580 858 3747 partem
885 3609 1105 3745 sanguis,
1132 3607 1268 3708 uude
1293 3609 1473 3710 icimur
1496 3611 1617 3728 ictu,

366 3779 434 3883 Et
459 3784 500 3883 si
525 3785 803 3884 comminus
829 3805 920 3901 est,
947 3779 1141 3881 hostem
1165 3779 1320 3882 ruber
1343 3805 1559 3921 occupat
1576 3781 1774 3885 humor.

433 3957 516 4059 Sic
542 3959 713 4097 igitur,
742 3956 952 4060 Veneris
978 3958 1069 4095 qui
1093 3958 1206 4056 telis
1231 3957 1414 4094 accipit
1437 3958 1610 4077 ictum,

364 4131 479 4234 Sive
504 4172 634 4272 puer
659 4134 896 4235 membris
923 4133 1253 4235 muliebribus
1278 4132 1414 4232 hunc
1431 4130 1705 4269 jaculatur,

364 4305 465 4408 Seu
493 4308 675 4408 mulier
698 4331 806 4409 toto
822 4310 1019 4448 jactans
1044 4348 1071 4409 e
1097 4343 1304 4444 corpore
1330 4342 1578 4426 amorem,-

361 4482 516 4588 Unde
540 4483 735 4604 feritur,
762 4524 821 4587 eo
845 4488 1027 4607 tendit,
1054 4488 1309 4626 gestitque
1335 4482 1483 4601 coire,

365 4655 434 4760 Et
450 4658 619 4796 jacere
644 4654 907 4759 humorem
933 4660 985 4758 in
1012 4696 1193 4796 corpus
1219 4659 1282 4760 de
1307 4693 1517 4795 corpore
1544 4654 1784 4757 ductum:

366 4830 610 4971 Namque
633 4830 945 4969 voluptutem
971 4835 1213 4970 praesagit
1237 4834 1396 4932 multa
1420 4832 1623 4970 cupido,

366 5008 418 5113 H
422 5050 495 5113 aec
507 5008 683 5114 Venus
708 5031 786 5110 est
808 5008 971 5131 nobis,
993 5006 1112 5109 hinc
1137 5031 1306 5155 autem
1325 5029 1402 5109 est
1419 5043 1600 5108 nomen
1622 5005 1847 5109 Amoris:

1079 5185 1125 5236 fl
