4432 5984
746 363 1020 455 LIBER
1082 359 1486 456 TERTIUS·
1779 359 1848 469 97

361 620 482 725 Non
511 621 639 724 radii
664 624 796 744 solis,
823 661 991 763 neque
1015 621 1186 724 lucida
1209 622 1313 722 tela
1338 621 1439 720 diei

360 796 669 919 Discutiunt,
696 800 783 900 sed
811 823 1005 900 naturae
1031 799 1238 935 specim,
1264 796 1516 933 ratioque.

430 970 657 1074 Primum
668 973 1012 1073 animumdico
1022 974 1270 1108 (mentem
1280 1007 1431 1109 quem
1443 976 1844 1110 saepevooamus)

362 1144 423 1247 Iu
451 1184 555 1285 quo
581 1148 843 1247 consilium
869 1147 1006 1264 vitae,
1030 1145 1361 1280 regimenque
1387 1144 1605 1248 locatum
1632 1172 1722 1270 est,

363 1319 486 1421 Esse
510 1319 730 1421 hominis
746 1343 941 1458 partem
967 1314 1128 1416 nihilo
1152 1318 1338 1436 minus,
1363 1355 1420 1417 ac
1446 1356 1640 1443 manus,
1662 1348 1713 1424 et
1738 1363 1844 1462 pes,

360 1492 534 1632 Atque
561 1494 691 1594 oculi
720 1515 888 1630 partes
913 1491 1180 1593 animantis
1203 1493 1360 1593 totius
1385 1516 1601 1596 exstant.

363 1666 606 1789 Quamvis
632 1668 792 1768 muita
817 1665 1026 1806 quidem
1053 1666 1339 1805 sapientum
1364 1666 1516 1767 turba
1541 1672 1788 1806 puturunt

364 1842 578 1944 Sensum
604 1843 758 1943 animi
784 1863 921 1943 certa
944 1880 1048 1941 non
1073 1878 1179 1940 esse
1205 1842 1257 1940 in
1283 1865 1428 1977 parte
1453 1843 1691 1966 locatum,

361 2013 555 2118 Verum
575 2014 807 2117 habitum
827 2018 1084 2157 quendam
1108 2017 1309 2118 vitalem
1336 2018 1558 2153 corporis
1583 2057 1705 2139 esse,

364 2189 696 2294 Harmoniam
724 2189 868 2331 Graji
894 2231 1050 2332 quam
1076 2190 1269 2311 dicunt,
1298 2189 1436 2330 quod
1463 2189 1613 2292 faciat
1638 2231 1728 2294 nos

360 2364 546 2470 Vivere
572 2406 687 2470 cum
713 2406 879 2489 sensu,
906 2369 1048 2470 nulla
1073 2403 1229 2506 quom
1254 2367 1307 2465 in
1331 2387 1476 2503 pane
1503 2366 1596 2467 siet
1619 2406 1790 2472 mens:

363 2539 439 2643 Ut
463 2540 598 2645 bona
623 2581 757 2681 saepe
781 2543 1020 2645 valetudo
1045 2580 1200 2682 quom
1226 2540 1413 2641 dieitur
1437 2579 1547 2641 esse

366 2715 621 2854 Corporis,
649 2740 700 2818 et
725 2755 828 2819 non
852 2739 1122 2819 esttamen
1146 2713 1255 2816 haeo
1280 2751 1400 2852 pars
1421 2714 1526 2815 ulla
1549 2717 1790 2842 valentis3

365 2890 447 2993 Sic
473 2893 626 2992 animi
645 2930 847 2995 sensum
866 2932 968 2995 non
994 2913 1131 2992 corta
1155 2911 1299 3028 parte
1318 2913 1604 3028 reponunt:

279 3196 283 3204 Ι
364 3062 682 3204 Magnopere
707 3068 761 3168 in
786 3105 889 3206 quo
914 3070 984 3169 mi
1010 3069 1193 3170 diversi
1218 3105 1390 3168 errare
1410 3067 1664 3167 videntur.

433 3239 786 3380 Saepeutique
822 3242 1153 3380 inpromptu
1190 3277 1392 3380 corpus,
1429 3242 1569 3380 quod
1607 3239 1847 3358 comitur,

500 3415 665 3551 aegrit,

365 3586 535 3708 Quom
561 3609 729 3687 tamen
755 3625 819 3686 ex
845 3588 944 3688 alia
967 3587 1200 3688 laetamur
1221 3611 1367 3724 parte
1389 3590 1599 3713 latenti;

364 3759 434 3863 Et
457 3784 592 3862 retro
617 3760 692 3883 fit,
722 3760 793 3861 uti
819 3763 1081 3861 contrusit
1105 3799 1238 3899 saepe
1266 3764 1499 3883 vicissim,

366 3931 537 4056 Quom
563 3935 712 4035 miser
736 3971 802 4033 ex
825 3934 1010 4054 animo,
1038 3933 1240 4036 laetatur
1263 3975 1471 4074 corpore
1496 3959 1635 4041 toto:

364 4108 488 4212 Non
515 4109 613 4209 alio
637 4131 801 4246 pacto,
830 4147 985 4248 quam
1010 4111 1051 4209 si
1076 4148 1167 4247 pes
1193 4149 1347 4249 quom
1374 4112 1514 4210 dolet
1538 4113 1682 4250 aegri,

364 4283 426 4386 In
451 4285 592 4385 nullo
618 4305 772 4420 caput
794 4285 986 4384 interea
1009 4287 1073 4384 sit
1097 4283 1226 4385 forte
1253 4285 1444 4388 dolore.

429 4454 684 4557 Praeterea
707 4456 845 4555 molli
872 4496 1045 4559 somno
1071 4499 1228 4599 quom
1253 4462 1425 4564 dedita
1448 4462 1696 4585 membra,

363 4629 700 4768 Effusumque
716 4628 854 4766 jacet
876 4632 982 4732 sine
1009 4671 1157 4736 sensu
1184 4675 1366 4774 corpus
1390 4662 1647 4758 onustum,

362 4800 457 4904 Est
479 4802 621 4904 aliud-
647 4805 890 4906 tamenin
916 4805 1081 4928 nohis,
1105 4810 1246 4946 quod
1270 4833 1496 4950 tempore
1522 4814 1573 4912 in
1601 4813 1692 4914 illo

363 4974 685 5081 Multimodis
709 4979 948 5119 agitatur,
973 5004 1026 5085 et
1049 4984 1240 5086 omneis
1265 4988 1449 5128 accipit
1472 4989 1527 5091 in
1550 5026 1608 5091 se

1096 5156 1120 5200 0
