4432 5984
714 369 990 459 LIBER
1052 363 1465 461 QUINTUS·
1757 357 1855 461 199

359 619 669 764 Usqueadeo
694 648 1029 766 properanter
1054 623 1118 725 ab
1145 627 1381 727 omnibus
1408 624 1614 765 ignibus
1639 623 1748 761 ejus

361 792 591 901 Exitium
616 802 766 903 celeri
792 802 1042 903 celeratur
1066 802 1263 938 origine
1288 804 1521 901 flammae.

361 966 444 1069 Sic
470 973 644 1110 igitur,
673 976 844 1095 solem,
871 975 1063 1093 lunam,
1091 975 1361 1113 stellasque
1381 973 1665 1112 putandum

360 1139 441 1242 Ex
467 1147 565 1246 alio
590 1171 745 1288 atque
770 1148 868 1249 alio
895 1149 1055 1247 lucem
1074 1146 1266 1284 jactare
1293 1148 1521 1267 subortu,

361 1311 430 1416 Et
454 1319 674 1455 primurn
703 1320 955 1460 quidquid
987 1321 1207 1421 flammai
1225 1321 1437 1459 perdere
1464 1358 1663 1458 semper
1681 1292 1717 1421 :⁴

361 1485 678 1595 Inviolabilia
702 1493 810 1596 haec
837 1535 900 1594 ne
926 1493 1100 1595 credas
1125 1469 1255 1597 forte
1274 1498 1463 1635 vigere.
1571 1636 1573 1641 Α

257 1646 261 1653 ’
432 1663 672 1808 Denique
698 1708 799 1771 non
824 1669 1019 1807 lapides
1046 1706 1252 1808 quoque
1277 1672 1415 1805 vinci
1434 1671 1595 1795 cernis
1620 1669 1684 1783 ab
1706 1672 1850 1772 aevol

361 1836 484 1962 Non
511 1842 843 1943 altasturreis
869 1880 1034 1961 ruere,
1057 1814 1114 1943 et
1138 1868 1428 1982 putrescere
1455 1849 1606 1949 saxa?
1722 1949 1725 1957 ,

363 2010 483 2113 Non
512 2014 724 2118 delubra
747 2015 914 2137 deum,
937 2019 1306 2158 simulacraque
1331 2018 1460 2123 fessa
1483 2019 1677 2121 fatiscit

363 2184 476 2305 Nec
503 2214 732 2291 sanctum
758 2231 947 2293 numen
965 2191 1054 2293 fati
1081 2180 1352 2330 protollere
1378 2193 1522 2295 fineis
1639 2290 1643 2300 .

362 2362 529 2485 Posse,
557 2405 723 2505 neque
751 2368 989 2469 adversus
1013 2366 1425 2469 naturaerfoedera
1450 2369 1575 2468 niti?

361 2535 602 2679 Denique
627 2581 730 2643 non
756 2567 1083 2645 monumenta
1109 2543 1493 2680 virumdilapsa
1517 2543 1745 2642 videmus

363 2709 557 2823 Cedere
583 2752 845 2853 proporro,
874 2718 1145 2857 subitoque
1170 2754 1425 2819 senescere
1451 2719 1601 2817 casul

362 2883 483 2988 Non
510 2926 656 2989 ruere
682 2890 872 2990 avolsos
899 2890 1060 2992 silices
1087 2931 1117 2990 a
1143 2889 1557 3009 montibusaltiS,

362 3057 475 3161 Nec
500 3060 689 3161 validas
713 3065 806 3162 aevi
831 3063 979 3162 vireis
1004 3063 1229 3200 perferre
1256 3065 1467 3201 patique

363 3231 548 3334 Finiti?
587 3273 754 3375 neque
780 3237 915 3343 enim
940 3237 1180 3352 caderent
1204 3237 1378 3341 avolsa.
1393 3258 1619 3373 repente,

362 3406 442 3509 Ex
470 3409 669 3508 infinito
694 3446 812 3546 quae
835 3431 1065 3547 ternpore
1091 3410 1482 3548 pertolerlrssent

363 3580 552 3683 Omnia
577 3605 827 3682 tormenta
852 3585 1015 3684 aetatis
1040 3583 1236 3721 privata
1261 3581 1477 3719 fragore.

431 3756 672 3896 Denique
700 3757 809 3893 jam
840 3778 989 3857 tuere.
1022 3754 1116 3857 hoc
1142 3728 1360 3876 circum,
1383 3792 1672 3901 supraque,
1711 3754 1853 3893 quod

498 3970 698 4032 omnem

362 4104 605 4208 Continet
628 4105 868 4244 amplexu
892 4126 1107 4228 terram3
1146 4100 1287 4242 quod
1313 4124 1634 4240 procreator
1660 4138 1712 4204 se

362 4278 551 4380 Omnia
567 4278 733 4418 (quod
750 4277 961 4417 quidam
976 4250 1281 4411 memorant)
1297 4277 1580 4416 recipitque
1595 4299 1848 4415 peremta:

357 4452 545 4556 Totum
571 4454 791 4555 nativom
815 4452 1018 4552 mortali
1042 4488 1250 4588 corpore
1271 4470 1495 4550 constat:
1571 4550 1574 4555 .

362 4628 500 4730 Nam
528 4626 873 4768 quodcunque
900 4627 1021 4728 alias
1045 4666 1110 4727 ex
1136 4663 1188 4726 se
1214 4663 1292 4726 res
1318 4645 1473 4761 auget
1498 4623 1709 4763 alitque,
1749 4742 1755 4760 ‚

360 4800 606 4903 Deminui
633 4798 801 4922 debet,
821 4801 1036 4900 recreari
1066 4839 1221 4940 quom
1248 4802 1430 4940 recipit
1452 4838 1558 4902 res..

429 4975 700 5097 Praeterea,
727 4975 770 5074 si
796 4974 937 5076 nulla
960 4973 1059 5076 fuit
1082 4973 1317 5116 genitalis
1341 4971 1485 5113 origo
