4432 5984
632 296 635 307 '
688 290 963 382 LIBER
1027 286 1376 383 SEXTUS·
1679 291 1781 382 253

283 537 546 669 Nubibus,
572 548 623 649 in
653 548 1166 688 caveisque'ferarum
1193 587 1331 648 more
1359 550 1646 650 minantur:

283 725 337 829 Ν
342 768 441 829 unc
467 727 602 848 hinc,
634 767 771 829 nunc
796 726 935 826 illinc
961 726 1191 824 fremitus
1218 761 1311 861 per
1335 723 1512 823 nubila
1539 725 1747 825 mittunt
1762 769 1776 851 3

282 900 688 1040 Quaerentesque
713 904 845 1001 viam
873 903 1343 1017 circumversantur,
1372 920 1424 996 et
1448 898 1580 1035 ignis
1735 912 1748 929 “

281 1075 486 1178 Semina
510 1077 816 1177 convolvunt
841 1116 868 1176 e
897 1075 1149 1198 nubibus3
1187 1097 1342 1212 atque
1368 1074 1438 1174 ita
1463 1097 1654 1211 cogunt

282 1248 469 1371 Multa,
496 1273 770 1389 rotantque
797 1251 928 1351 cavis
955 1253 1210 1350 flammam
1235 1245 1525 1347 fornacibus
1551 1248 1704 1367 intuS,

249 1530 252 1535 ,
282 1423 460 1525 Donec
487 1424 678 1524 divolsa
703 1421 954 1524 fulserunt
978 1423 1116 1524 nube
1144 1424 1353 1522 corusci.

351 1598 465 1701 Hac
491 1600 639 1699 etiam
668 1600 727 1698 lit
752 1600 827 1698 uti
855 1599 918 1698 de
945 1636 1096 1699 causa
1118 1596 1317 1699 mobilis
1341 1596 1428 1697 ille

282 1773 501 1875 Devolet
527 1774 579 1871 in
603 1794 790 1872 terram
815 1771 1000 1911 liquidi
1027 1775 1164 1874 color
1189 1810 1370 1873 aureus
1397 1773 1546 1910 ignis,

281 1946 487 2046 Semina
512 1943 649 2082 quod
679 1943 860 2047 nubeis
887 1948 1019 2085 ipsas
1045 1947 1298 2086 permulta
1323 1978 1523 2044 neeesse
1548 1966 1624 2044 est

280 2118 423 2256 Ignis
448 2118 666 2241 habere3
705 2120 893 2218 etenim
919 2159 1073 2259 quom
1102 2144 1221 2223 sunt
1244 2120 1456 2221 humore
1483 2124 1588 2223 sine
1616 2123 1738 2244 ullo,

282 2292 569 2394 Flammeus
594 2314 669 2392 est
694 2293 1000 2433 plerumque
1026 2298 1159 2397 colos
1185 2320 1235 2396 et
1261 2296 1558 2434 splendidus
1583 2298 1725 2401 ollis:

282 2464 493 2602 Quippe
520 2464 706 2563 etenim
733 2467 850 2567 solis
875 2467 939 2567 de
964 2469 1157 2570 lumine
1185 2470 1346 2570 multa
1370 2506 1569 2568 neccsse
1595 2491 1673 2570 est

284 2644 580 2779 Concipere,
608 2662 668 2740 ut
692 2638 873 2738 merito
898 2638 1130 2756 rubeant,
1151 2642 1418 2779 igneisque
1442 2640 1787 2779 profundans?
1895 2718 1898 2722 -

281 2817 449 2920 Hasce
475 2816 633 2954 igitur
658 2810 813 2950 quom
837 2836 1017 2914 ventus
1042 2852 1198 2953 agens
1223 2818 1469 2916 contrusit
1494 2820 1544 2918 in
1572 2857 1733 2920 unum

284 2989 697 3127 Compressitque
723 2985 890 3086 locum
916 3026 1117 3125 cogens,
1145 3027 1380 3127 expressa
1404 2991 1730 3130 profundunt

283 3168 503 3286 Semina,
532 3203 649 3303 quac
674 3162 869 3263 fuciunt
893 3163 1111 3265 flammae
1136 3167 1332 3305 fulgere
1358 3169 1563 3270 colores.

353 3341 528 3479 Fulgit
553 3341 691 3456 item,
721 3374 876 3474 quom
903 3364 1164 3441 rarescunt
1189 3381 1396 3482 quoque
1421 3343 1600 3445 nubila
1625 3346 1754 3447 eceli.

283 3516 421 3622 Nam
448 3552 605 3653 quom
629 3532 809 3612 ventus
836 3549 918 3611 eas
943 3514 1122 3617 leviter
1147 3518 1345 3619 diducit
1368 3520 1580 3639 eunteis,

283 3693 653 3830 Dissolvitque,
681 3685 865 3787 cadant
889 3688 1101 3827 ingratis
1125 3692 1214 3792 illa
1239 3731 1438 3794 necesse
1464 3716 1541 3793 est
1701 3718 1705 3725 “

283 3867 490 3972 Semina
515 3844 632 4001 quae
656 3859 851 3960 faciunt
875 3860 1159 3999 fulgorem:
1198 3888 1308 3965 tum
1336 3871 1442 3968 sine
1467 3891 1599 3968 tetro
1762 3976 1767 3985 ,

279 4042 496 4146 Terrore
521 4063 573 4140 et
598 4034 764 4140 sonitu
790 4033 959 4174 fulgit,
987 4040 1234 4179 nulloque
1259 4043 1503 4144 tumultu.

352 4220 507 4342 Quod
528 4235 772 4356 superest,
796 4211 935 4347 quali
963 4237 1142 4317 natura
1167 4216 1383 4354 praedita
1407 4238 1639 4317 constent

282 4396 534 4516 Fulmina,
562 4392 829 4493 declarantv
845 4386 990 4510 ictus,
1017 4415 1069 4492 et
1093 4393 1260 4492 inusta
1283 4429 1469 4529 vapore

283 4571 457 4711 Signa,
484 4591 724 4704 notaeque
749 4565 945 4699 gravcis
971 4564 1199 4668 halantes
1225 4566 1430 4668 sulfuris
1455 4602 1630 4666 auras:

281 4746 423 4888 Ignis
449 4746 584 4845 enim
610 4760 729 4844 sunt
753 4733 879 4857 haec,
908 4777 1010 4840 non
1033 4745 1170 4843 venti
1197 4745 1356 4880 signa,
1383 4777 1553 4877 neque
1577 4736 1768 4842 imbris.

352 4917 622 5038 Praeterea,
638 4953 733 5056 per
752 4948 803 5010 se
820 4911 1321 5053 accenduntquoque
1340 4933 1474 5013 tecta
1488 4911 1770 5035 domorum,
1815 5035 1817 5040 Ι
