4432 5984
616 346 893 441 LIBER
956 268 1432 441 SECUNDUS·
1708 347 1771 441 81
1913 400 1920 411 ,

353 600 563 743 Quippe
589 606 760 708 videre
784 607 904 708 licet
927 607 1065 709 vivos
1091 607 1329 710 exsistere
1355 607 1567 710 vermeis

286 775 518 910 Stercore
545 779 609 880 de
636 803 783 904 tetro,
803 805 1063 921 putrorem
1086 818 1247 919 *quom
1273 782 1369 884 sibi
1393 805 1541 884 nacta
1564 805 1640 882 est

284 951 660 1093 Intempestivis
685 996 750 1057 ex
773 940 1022 1057 imbribus
1046 955 1259 1057 humida
1276 958 1459 1057 tellus:

285 1115 540 1232 Praeterea
557 1154 762 1234 cunctas
788 1132 966 1231 itidem
989 1170 1070 1233 res
1095 1150 1288 1233 vertere
1314 1171 1437 1235 sese.

283 1300 511 1404 Vertunt
534 1318 585 1407 se'
611 1306 770 1427 fluvii,
791 1306 1017 1427 frondes,
1044 1328 1096 1407 et
1119 1304 1310 1444 pabula
1334 1308 1453 1407 laeta

285 1473 348 1577 In
369 1480 623 1615 pecudes:
662 1503 868 1581 vertunt
890 1480 1112 1623 pecudes
1137 1483 1190 1582 in
1210 1519 1422 1619 corpora
1446 1504 1617 1584 nostra

287 1647 558 1774 Naturam,
587 1678 638 1753 et
655 1677 825 1757 nostro
852 1654 915 1755 de
941 1694 1150 1794 corpore
1177 1694 1312 1794 saepe
1332 1656 1556 1769 ferarum

285 1828 584 1968 Augescunt
607 1832 753 1952 vires,
781 1856 833 1932 et
857 1862 1068 1969 corpora
1090 1834 1532 1969 pennipotentum.

287 1997 428 2141 Ergo
453 2005 647 2105 omneis
671 2028 854 2108 natura
879 2007 1016 2108 cibos
1041 2008 1095 2106 in
1121 2045 1331 2144 corpora
1355 2008 1467 2109 viva

156 2220 160 2227 ·
286 2174 473 2300 Vertit,
500 2203 553 2278 et
576 2175 695 2281 hinc
722 2221 899 2284 sensus
923 2184 1238 2284 animantum
1262 2206 1497 2320 procreat
1519 2182 1743 2284 omneis:

288 2350 412 2453 Non
439 2354 536 2454 alia
558 2355 711 2493 longe
738 2358 949 2479 ratione,
976 2381 1132 2497 atque
1157 2358 1298 2458 arida
1322 2357 1463 2495 ligna

287 2525 528 2666 Explicat
549 2530 602 2629 in
628 2531 871 2661 flammas,
898 2555 950 2633 et
975 2534 1027 2633 in
1054 2532 1217 2671 igneis
1241 2532 1411 2633 omnia
1435 2558 1616 2639 versat.

356 2701 391 2805 J
394 2742 540 2805 amne
566 2706 705 2807 vides
729 2696 903 2845 igitur,
930 2709 1101 2846 magni
1128 2708 1406 2845 primordia
1429 2749 1600 2813 rerum

288 2876 499 2981 Referre
526 2881 578 2982 in
605 2883 745 3020 quali
772 2870 873 2983 sint
894 2882 1073 2983 ordine
1100 2862 1323 3022 quaeque
1349 2883 1529 3004 locata,
1571 3000 1577 3009 .

289 3051 363 3155 Et'
383 3057 643 3156 commista
667 3055 856 3196 quibus
881 3057 1006 3158 dent
1030 3081 1213 3177 motus,
1241 3059 1628 3198 accipiantque?

355 3227 487 3330 Tum
504 3268 656 3367 porro
672 3231 798 3371 quid
814 3232 866 3332 id
876 3233 1342 3370 estanimumquod
1356 3236 1580 3370 percutit
1593 3235 1784 3371 ipsum?

291 3402 445 3525 Quod
468 3408 666 3504 movetl
704 3428 756 3506 et
778 3407 940 3506 varios
961 3445 1135 3507 sensus
1161 3444 1457 3544 expromere
1484 3410 1639 3547 cogit,

288 3578 369 3681 Ex
397 3577 719 3680 insensilibus
739 3618 804 3680 ne
829 3581 1004 3705 credas
1029 3581 1210 3680 sensile
1237 3582 1414 3718 gignit

289 3753 567 3873 Nimirum,
592 3753 803 3891 lapides,
830 3777 883 3854 et
905 3755 1061 3893 ligna,
1089 3775 1140 3853 et
1164 3776 1298 3854 terra
1323 3754 1464 3892 quod
1482 3794 1593 3879 ,una

289 3927 462 4049 Mista,
489 3951 658 4028 tamen
684 3952 949 4067 nequeunt
972 3931 1174 4031 vitalem
1200 3929 1412 4079 reddere
1438 3968 1660 4032 sensum.

359 4103 499 4204 Illud
524 4101 681 4219 inhis
705 4103 865 4241 igitur
889 4102 1042 4205 rebus
1068 4105 1352 4204 meminisse
1378 4102 1594 4226 decebit,

289 4276 413 4381 Non
439 4315 503 4377 ex
527 4275 764 4378 omnibus
789 4279 1012 4399 omnino,
1039 4317 1366 4418 quaecunque
1391 4305 1564 4381 creant
1586 4320 1685 4402 res,
1804 4356 1806 4361 ,

290 4452 505 4554 Sensilia
528 4453 785 4589 extemplo
808 4476 862 4552 et
885 4490 1060 4552 sensus
1085 4491 1166 4552 me
1192 4452 1359 4554 dicere
1383 4456 1525 4592 gigni
1546 4497 1561 4554 t

291 4626 392 4729 Sed
412 4626 585 4763 magni
610 4623 813 4745 referre,
840 4628 1145 4767 caprimum
1170 4629 1419 4765 quantula
1443 4652 1697 4751 constent,

291 4800 484 4903 Seusile
510 4786 627 4939 quae
653 4798 862 4922 faciunt,
885 4825 938 4918 et
967 4840 1070 4941 qua
1095 4805 1196 4904 sint
1218 4805 1434 4942 praedita
1458 4803 1635 4924 forma,

291 4972 542 5097 Motibus
578 4971 862 5102 ordinibus,
886 4979 1126 5118 posituris
1152 4978 1376 5119 denique
1402 5015 1520 5118 quae
1539 4979 1671 5104 sint3
1754 4982 1757 4987 ’

1012 5165 1037 5209 Ι
