4432 5984
342 270 441 379 114
644 276 702 365 Τ.
770 272 1203 364 LUCRETII
1269 271 1482 362 CARI

341 528 600 635 Scinditur
624 534 767 671 atqui
792 534 973 632 animae
999 531 1239 667 quoniam
1263 551 1460 647 natura,
1487 567 1579 629 nec
1605 566 1735 629 uno

335 704 589 845 Tempore
616 708 809 807 sincera
832 705 1042 819 exsistit,
1081 704 1303 803 mortalis
1328 701 1562 803 habenda
1585 725 1686 805 est.

340 878 491 1000 Quod
520 880 560 979 si
587 878 714 979 forte
740 901 889 1014 putas
913 877 1073 1013 ipsam
1100 913 1151 973 se
1175 912 1320 1012 posse
1345 914 1439 1013 per
1463 898 1601 978 artus

343 1051 629 1153 Introrsum
654 1048 871 1169 trahere,
899 1070 951 1149 et
975 1050 1161 1184 parteis
1185 1050 1464 1152 conducere
1489 1053 1540 1152 in
1566 1088 1768 1173 unum,

335 1228 510 1365 Atque
535 1227 649 1327 ideo
675 1228 867 1326 cunctis
893 1260 1093 1323 sensum
1119 1220 1367 1323 deducere
1393 1224 1666 1351 membria:

338 1400 409 1499 At
433 1400 572 1501 locus
597 1398 681 1499 ille
707 1419 893 1517 tamen,
921 1433 1026 1535 quo
1049 1394 1194 1530 copia
1218 1417 1363 1496 tanta
1384 1398 1569 1498 animai

342 1570 574 1710 Cogitur,
601 1572 653 1669 in
681 1607 829 1669 sensu
855 1567 1008 1667 debet
1032 1568 1219 1705 majore
1245 1568 1419 1671 videri.

341 1744 445 1866 Qui
462 1746 699 1884 quoniam
715 1780 964 1881 nusquam
980 1764 1070 1860 est,
1091 1742 1423 1877 nimirum(ut
1437 1742 1659 1865 diximus
1679 1748 1852 1881 ante)

339 1916 600 2021 Dilaniata
625 1916 757 2015 foras
783 1913 1093 2054 dispergitur
1108 1958 1121 2038 ;
1148 1918 1320 2017 interit
1344 1955 1482 2054 ergo,

340 2090 481 2213 Quin
508 2092 676 2207 etiam,
704 2090 743 2188 si
760 2088 866 2225 jam
895 2088 1049 2187 libeat
1072 2088 1345 2189 concedere
1371 2088 1569 2210 falsum,

338 2264 408 2367 Et
434 2267 570 2384 dare,
603 2301 748 2402 posse
776 2263 992 2361 animam
1018 2261 1284 2397 glomerari
1310 2262 1361 2360 in
1389 2300 1596 2400 corpore
1621 2302 1828 2369 eorum

339 2438 558 2541 Lumina
584 2439 674 2577 qui
698 2436 942 2573 linquunt
965 2429 1252 2532 moribundi
1281 2437 1651 2571 particulatim

338 2611 611 2714 Mortalem
638 2634 806 2711 tamen
831 2646 937 2707 esse
958 2608 1174 2706 animam
1200 2606 1387 2709 fateare
1413 2650 1612 2712 necesse
1637 2635 1737 2715 est.

340 2785 454 2889 Nec
478 2786 647 2904 refert,
675 2808 848 2884 utrum
873 2803 1050 2919 pereat
1075 2779 1299 2916 dispersa
1317 2822 1410 2921 per
1434 2826 1596 2909 auras,

337 2961 419 3062 An
446 2962 713 3062 contractis
739 2960 789 3058 in
817 2996 868 3057 se
896 2952 1124 3093 partibus
1149 2952 1502 3062 obbrutescat:

340 3129 560 3251 Quando
593 3130 849 3231 hominem
890 3150 1055 3227 totum
1098 3129 1257 3266 magis
1300 3167 1357 3231 ac
1394 3134 1553 3271 magis
1592 3134 1847 3279 undique

479 3342 651 3405 sensus

337 3472 544 3597 Deficit,
572 3500 624 3578 et
648 3480 763 3578 vitae
790 3478 957 3578 minus
982 3499 1033 3576 et
1057 3476 1224 3576 minus
1250 3478 1479 3617 undique
1504 3503 1672 3583 restat.

409 3649 479 3751 Et
503 3652 740 3789 quoniam
768 3689 909 3750 mens
936 3672 1011 3749 est
1035 3649 1252 3750 hominis
1278 3689 1394 3788 pars
1421 3693 1538 3774 una,
1565 3656 1791 3797 locoque

339 3824 465 3923 Fixa
490 3846 660 3924 manet
683 3847 836 3944 certo,
863 3825 1004 3923 velut
1022 3861 1182 3943 auree,
1209 3847 1364 3963 atque
1390 3829 1521 3928 oculi
1547 3853 1682 3947 sunt,

338 3999 511 4136 Atque
537 3999 620 4097 alii
646 4036 818 4098 sensus
844 4000 934 4136 qui
959 3999 1111 4099 vitam
1137 4037 1340 4137 cunque
1367 4001 1683 4137 gubernant;

340 4167 410 4271 Et
428 4172 587 4272 veluti
615 4210 806 4292 meum,
834 4195 989 4310 atque
1014 4171 1206 4290 oculuS,
1231 4211 1436 4275 naresve
1461 4214 1683 4278 seorsum

341 4342 542 4446 Secreta
567 4382 597 4443 a
621 4343 765 4445 nobis
791 4367 1049 4483 nequeant
1073 4349 1274 4469 sentire,
1299 4389 1468 4490 neque
1494 4392 1599 4455 esse

341 4516 513 4649 (Secta
531 4520 716 4618 etenim
742 4556 897 4655 parvo
921 4518 1193 4656 liquuntur
1216 4544 1443 4660 tempore
1470 4524 1627 4659 tabi);

341 4689 423 4791 Sic
445 4692 640 4789 animus
663 4727 757 4827 per
782 4729 832 4789 se
858 4728 960 4789 non
987 4692 1101 4827 quit
1125 4696 1230 4794 sine
1257 4734 1481 4835 corpore,
1509 4722 1560 4800 et
1584 4701 1695 4838 ipso

342 4862 463 4967 Esse
487 4861 707 4988 homine,
734 4866 868 4966 illius
895 4869 1038 5006 quasi
1065 4867 1204 5006 quod
1229 4907 1314 4970 vas
1339 4909 1443 4974 esse
1468 4872 1683 4995 videtur,
