4432 5984
767 336 1034 428 urssuu
1097 338 1457 433 PRIMUS.
1784 332 1851 443 37

424 589 698 714 Praeterea,
726 632 1048 733 quaecunque
1076 633 1103 693 e
1128 616 1264 695 terra
1288 610 1504 735 corpora
1525 611 1778 718 crescunt,

357 764 411 867 Si
428 769 629 875 ‚suntin
653 769 818 886 terris,
843 790 1001 867 terras
1025 790 1253 868 constare
1279 807 1480 870 necesse
1505 789 1581 869 est

359 938 440 1040 Ex
466 942 762 1079 alienigenis
788 980 905 1079 quae
931 942 1079 1041 terris
1104 944 1417 1042 exoriuntur.

358 1111 606 1214 Transfer·
623 1116 759 1234 item,
785 1112 998 1213 totidem
1022 1113 1189 1214 verbis
1215 1139 1356 1215 utare
1381 1115 1585 1220 licebit:
1750 1214 1753 1219 ,
1848 1134 1854 1145 ’

360 1284 418 1386 ln
446 1263 597 1424 lignis
623 1289 661 1387 si
681 1288 886 1413 flamma
909 1262 1048 1405 latet,
1075 1286 1365 1427 fumusque,
1392 1290 1638 1429 cinisque,

361 1457 442 1559 Ex
467 1461 763 1597 alienigenis
789 1461 1064 1560 consistant
1085 1458 1227 1595 ligna
1249 1499 1451 1562 necesse
1478 1486 1568 1566 est.

432 1632 712 1772 Linquitur
737 1631 817 1735 bic
841 1634 1010 1734 tenuis
1033 1634 1265 1733 latitandi
1292 1638 1439 1774 copia
1463 1640 1730 1776 quaedam3

362 1807 423 1909 ld
451 1809 592 1949 quod
617 1810 945 1948 Anaxagoras
970 1808 1064 1908 sibi
1090 1810 1258 1928 sumit,
1286 1832 1344 1908 ut
1367 1811 1603 1914 omnibus
1627 1817 1819 1918 omneis

363 1983 464 2085 Res
489 2006 640 2122 putet
663 1985 904 2083 immistas
929 1980 1082 2082 rebus
1106 1983 1335 2108 latitare3
1361 1984 1450 2085 sed
1474 1987 1604 2088 illud

358 2159 624 2297 Apparere
650 2195 825 2276 unum,
843 2156 995 2294 cujus
1021 2156 1121 2255 siut
1144 2156 1312 2294 pluria
1336 2159 1499 2281 mista,

362 2332 431 2433 Et
453 2334 613 2469 magis
636 2333 688 2434 in
714 2353 973 2470 promptu,
999 2330 1267 2468 primaque
1292 2333 1343 2430 in
1370 2331 1534 2434 fronte
1561 2334 1751 2438 locata:

361 2505 516 2627 Quod
541 2530 711 2607 tamen
738 2544 768 2606 a
789 2541 909 2605 vera
932 2503 1083 2641 longe
1108 2504 1300 2603 ratione
1325 2506 1584 2643 repulsum
1610 2532 1701 2614 est.

362 2678 709 2783 Conveniebat
731 2679 864 2779 enim
890 2676 1080 2814 frugeis
1107 2716 1314 2817 quoque
1340 2716 1476 2818 saepe
1501 2681 1736 2804 minutas,

278 2900 280 2904 ’
360 2855 561 2957 Robore
589 2894 744 2995 quom
770 2855 876 2955 saxi
901 2850 1223 2991 franguntur,
1249 2854 1447 2954 mittere
1473 2855 1674 2993 signum

362 3032 650 3168 Sanguinis,
677 3052 766 3130 aut
789 3028 943 3129 alium
969 3050 1140 3127 nostro
1166 3064 1284 3164 quac
1310 3063 1519 3164 corpore
1550 3028 1785 3135 aluntur:

363 3205 494 3306 Cum
513 3203 672 3340 lapidi
697 3201 920 3339 lapidem
944 3201 1170 3319 terimuS,
1199 3237 1400 3299 manare
1426 3239 1671 3305 cruorem.

363 3378 624 3496 Consimili
650 3379 842 3478 ratione
868 3373 1050 3476 herbas
1077 3413 1284 3513 quoque
1311 3412 1445 3513 saepe
1472 3376 1702 3521 decebat,

362 3551 430 3653 Et
452 3555 613 3653 laticis
638 3547 831 3652 dulceis
855 3571 1040 3687 guttas,
1067 3549 1321 3689 similique
1349 3588 1525 3688 sapore

321 3846 328 3861 ,
361 3724 586 3847 Mittere,
614 3726 854 3862 lanigerae
881 3723 1022 3862 quali
1049 3746 1169 3823 sunt
1192 3722 1352 3825 ubera
1375 3726 1544 3828 lactis:

362 3904 564 4005 Scilicet
587 3924 640 4001 et
663 3897 825 4037 glebis
849 3922 1095 3997 terrarum
1115 3934 1249 4035 saepe
1274 3896 1434 3999 friatis

359 4079 647 4182 Herbarum
674 4111 875 4212 genera,
902 4094 953 4172 et
970 4071 1159 4206 fruge'is
1185 4070 1513 4211 fruudeisque
1538 4074 1695 4176 videri

359 4253 658 4390 Dispertita,
687 4271 841 4387 atque
865 4249 918 4347 in
944 4246 1089 4346 terris
1113 4244 1312 4345 latitare
1339 4247 1561 4350 minute:

359 4427 634 4546 Postremo,
661 4426 714 4527 iu
740 4425 891 4564 lignis
917 4423 1134 4522 cinerem
1153 4418 1453 4558 fumumque
1474 4421 1649 4543 videri,

361 4602 533 4724 Quom
558 4599 822 4738 praefracta
846 4596 1028 4714 forent,
1054 4592 1318 4732 igneisque
1344 4593 1499 4693 latere
1525 4595 1762 4701 minutos.

361 4774 594 4897 Quorum
620 4772 692 4877 nil
718 4770 826 4871 fieri
853 4769 1093 4909 quoniam
1119 4766 1383 4875 manifesta
1408 4766 1555 4869 docet
1579 4806 1673 4892 rea,
1729 4865 1752 4884 ,,

361 4951 500 5054 Scire
523 4949 642 5050 licet
667 4983 771 5046 non
795 4982 902 5046 esse
927 4943 981 5044 in
1006 4941 1157 5044 rebus
1182 4979 1262 5044 res
1285 4942 1358 5044 ita
1379 4941 1579 5043 mistas:
