4432 5984
364 350 465 454 roo
703 368 763 456 r.
830 363 1262 457 nucasrrr
1324 367 1540 465 cunr

47 702 66 756 z
212 728 215 733 ,
366 622 555 723 Omnia
581 661 683 763 quo
710 648 858 762 pacto
884 625 1025 747 liant,
1047 664 1267 765 quareve
1293 654 1543 756 creentur,

366 796 536 920 Quom
564 796 694 900 bene
719 802 965 938 cogndris,
993 801 1253 905 elementis
1279 807 1475 908 reddita
1504 847 1622 948 quae
1649 806 1764 910 sint.

437 972 592 1075 Nunc
618 1013 728 1113 age,
751 1012 869 1113 quae
895 976 1021 1075 ratio
1048 985 1199 1077 terrai
1226 978 1446 1095 motibus
1470 1006 1650 1104 exstet,

365 1145 608 1286 Percipc:
649 1172 701 1249 et
726 1151 777 1249 in
803 1150 979 1287 priniis
1004 1174 1191 1252 terram
1212 1151 1290 1253 fac
1315 1177 1375 1254 nt
1401 1194 1506 1258 esse
1532 1115 1706 1257 rearis

366 1321 556 1425 Subter
591 1326 730 1446 item,
769 1349 828 1427 ut
864 1364 1049 1464 supera
1085 1351 1178 1446 est,
1217 1331 1397 1449 ventis,
1433 1353 1587 1470 atquc
1631 1327 1862 1469 undique

505 1501 710 1638 plenam

365 1685 651 1823 Speluncis,
679 1689 968 1828 multosque
993 1690 1133 1792 lacus
1160 1691 1449 1833 multasque
1474 1694 1679 1794 lacunas

365 1857 426 1962 Iu
452 1863 647 1998 gremio
673 1900 865 2000 gerere,
893 1887 944 1964 et
971 1867 1158 2002 rupeis,
1186 1865 1507 2006 deruptaque
1532 1905 1679 1967 saxa:

365 2035 642 2178 Multaque
670 2037 764 2138 sub
790 2060 934 2174 tergo
960 2050 1113 2142 terrai
1140 2043 1354 2141 flumina
1379 2065 1511 2143 tecta

363 2211 581 2314 Volvere
607 2215 655 2316 vi
682 2215 883 2333 fluctus
906 2212 1164 2315 submerso
1191 2217 1358 2355 capite
1383 2215 1670 2353 putandum
1696 2240 1804 2340 est;

364 2384 612 2527 Undique
637 2393 772 2489 enim
799 2390 1012 2489 similem
1038 2429 1144 2490 esse
1171 2391 1267 2510 sui,
1295 2427 1373 2490 res
1399 2392 1622 2530 postulat
1646 2393 1771 2530 ipsa.

436 2561 531 2662 His
558 2566 715 2702 igitur
740 2562 891 2665 rebus
917 2563 1216 2701 subjunctis,
1247 2566 1654 2706 suppositisque:

360 2738 521 2843 Terra
545 2781 762 2881 superne
788 2746 961 2843 tremit
983 2742 1182 2879 magnis
1209 2778 1450 2840 concussa
1475 2743 1635 2863 ruinis

364 2915 568 3036 Subter,
597 2915 686 3016 ubi
712 2918 962 3054 ingenteis
988 2912 1253 3052 speluncas
1274 2913 1476 3015 subruit
1494 2939 1647 3021 aetas:

366 3088 579 3230 Quippe
604 3091 795 3192 cadunt
819 3093 913 3191 toti
940 3113 1150 3208 monteS,
1179 3126 1470 3229 magnoque
1497 3114 1705 3229 repente

247 3354 252 3366 .
365 3263 646 3386 Concussu,
674 3267 775 3367 late
801 3267 1094 3403 disserpunt
1118 3265 1238 3363 inde
1264 3289 1537 3390 tremores3

363 3438 432 3541 Et
458 3443 652 3563 merite,
682 3444 920 3583 quoniam
950 3441 1186 3579 plaustris
1213 3478 1453 3541 concussa
1478 3443 1775 3545 tremiscunt

360 3613 519 3716 Tecta
541 3617 673 3716 viam
699 3639 910 3754 propter
934 3654 1034 3715 non
1065 3652 1247 3752 magno
1275 3615 1498 3752 pondere
1523 3641 1657 3720 tota:

367 3790 481 3894 Nec
510 3794 678 3893 rninus
703 3793 975 3912 exsultant,
997 3790 1086 3891 ubi
1115 3827 1292 3891 currus
1317 3788 1461 3890 fortis
1486 3797 1672 3930 equdrn
1697 3797 1789 3897 vis·

364 3966 596 4068 Ferratus
622 3970 865 4108 utrinque
890 3989 1116 4065 rotarum
1142 3965 1360 4064 succutit
1377 3964 1557 4066 orbeis.

435 4144 517 4246 Fit
534 4182 758 4284 quoque,
775 4141 862 4242 ubi
882 4178 1088 4278 magnas
1108 4141 1159 4238 in
1180 4178 1328 4280 aquae
1351 4163 1615 4281 vastasque
1634 4145 1840 4246 lacunas

367 4317 533 4420 Gleba
555 4341 804 4421 vetustate
830 4357 857 4417 e
883 4340 1019 4416 terra
1043 4315 1357 4454 provolvitur
1381 4316 1577 4453 ingens,

363 4492 439 4597 Ut
456 4494 680 4631 jactetur
706 4531 856 4633 aqua,
884 4515 936 4592 et
961 4493 1120 4591 fluctu
1149 4528 1355 4628 quoque
1382 4513 1515 4591 terra
1539 4493 1766 4599 vacillet:
1936 4477 1940 4488 ¹

364 4666 439 4771 Ut
462 4708 548 4770 vas
574 4670 787 4768 interra
811 4707 913 4767 non
940 4666 1055 4805 quit
1080 4648 1324 4787 constare,
1352 4666 1448 4764 nisi
1474 4663 1658 4767 humor
1792 4634 1794 4640 ‚

366 4843 578 4956 Destitit
602 4847 653 4944 in
681 4843 839 4944 dubio
865 4846 1026 4943 fluctu
1045 4842 1285 4979 jactarier
1309 4841 1461 4940 intus

434 5017 703 5141 Praeterea,
730 5042 911 5121 ventus
938 5056 1093 5161 quom
1119 5055 1212 5158 per
1236 5016 1347 5118 loca
1370 5013 1589 5118 subcava
1612 5038 1761 5120 terrae
