4432 5984
785 353 1076 467 ninum
1125 349 1492 444 err-:runa
1526 370 1565 383 ··
1615 379 1634 385 --
1683 382 1686 388 -
1744 347 1908 487 «π-

388 589 601 730 Quippe
626 587 718 692 ubi
745 588 971 691 dimidiae
997 585 1155 725 partis
1180 623 1298 723 pars
1324 623 1523 723 semper
1539 582 1753 688 habebit

388 763 672 869 Dimidium
697 786 913 904 partem,
940 800 1034 864 nec
1054 800 1133 861 res
1157 760 1395 899 perfiniet
1419 763 1540 865 ulla.

390 941 531 1082 Ergo
550 979 720 1043 rerum
739 940 873 1039 inter
892 975 1156 1057 summam,
1177 937 1557 1078 minimamque,
1579 940 1703 1079 quid
1724 939 1879 1043 escit!

392 1116 514 1222 Non
542 1118 639 1218 erit
662 1137 721 1216 ut
747 1113 965 1212 distent:
992 1149 1128 1231 nam,
1156 1111 1387 1249 quamvis
1412 1112 1644 1215 funditus
1669 1115 1833 1215 omnis
1916 1206 1919 1215 .

391 1273 604 1394 Summa
629 1291 694 1389 sit
717 1287 933 1408 infinita,
960 1311 1147 1407 tamen,
1173 1287 1468 1425 parvissima
1494 1324 1612 1425 quae
1640 1309 1775 1405 sunt,

391 1467 473 1570 Ex
499 1466 711 1590 infinitis
736 1460 1041 1564 constabunt
1058 1460 1290 1599 partibus
1318 1499 1480 1600 aeque.

393 1643 527 1766 Quoi
558 1641 799 1780 quoniam
826 1637 954 1737 ratio
980 1634 1219 1738 reclamat
1242 1674 1376 1757 vera,
1398 1657 1655 1777 negatque
1737 1636 1751 1651 '

393 1815 615 1919 Credere
640 1850 785 1951 posse
806 1811 1048 1931 animum,
1075 1810 1237 1912 victus
1256 1809 1443 1910 fateare
1470 1848 1670 1912 necesse
1696 1835 1788 1934 est,

394 1995 518 2098 Esse
544 2032 605 2094 ea
631 2030 748 2131 quae
773 1987 929 2088 nullis
947 1983 1056 2124 jam
1081 1983 1299 2122 praedita
1322 1964 1555 2122 partibus
1580 2010 1797 2110 exstent,
1855 2066 1858 2071 -

392 2171 463 2274 Et
489 2169 696 2271 minima
720 2144 952 2267 constent
977 2181 1174 2261 natura.
1248 2157 1380 2280 Quae
1408 2160 1649 2298 quoniam
1675 2183 1810 2282 sunt,

393 2347 490 2451 Illa
516 2380 722 2486 quoque
748 2377 853 2440 esse
877 2334 972 2437 tibi
998 2335 1173 2456 solida,
1201 2357 1356 2474 atque
1375 2357 1581 2456 aetema,
1601 2333 1882 2439 fatendum.

462 2522 721 2660 Denique,
748 2517 802 2617 ni
828 2511 1060 2614 minimas
1084 2509 1139 2609 in
1163 2510 1351 2647 parteis
1376 2533 1558 2613 cuncta
1580 2512 1761 2613 resolvi

395 2696 591 2837 Cogere
617 2691 903 2811 consuesset
925 2723 1092 2787 rerum
1122 2707 1303 2785 natura
1327 2687 1560 2807 creatrix,
1672 2799 1674 2805 ,

391 2871 424 2976 J
429 2911 510 2973 am
536 2866 664 2970 nihil
690 2863 878 2966 axillis
903 2861 1079 2963 eadem
1101 2898 1335 2999 reparare
1360 2861 1578 2962 valeret:

348 3061 366 3084 ⁴
394 3045 672 3182 Propterea
698 3037 837 3177 quia,
864 3073 981 3174 quae
1006 3036 1179 3136 multis
1205 3058 1324 3136 sunt
1348 3037 1579 3173 partibus
1605 3062 1767 3159 aucta,

394 3220 517 3328 Non
543 3237 756 3359 possunt
779 3253 855 3334 ea,
883 3250 1001 3352 quae
1027 3209 1180 3312 debet
1204 3210 1439 3350 genitalis
1465 3209 1651 3314 habere

394 3395 654 3511 Materies,
679 3389 842 3492 varios
868 3423 1141 3504 connexus
1168 3383 1412 3523 pondera,
1431 3384 1625 3527 plagas,

397 3571 701 3687 Concursus,
727 3584 910 3683 motus,
936 3597 1028 3698 per
1054 3595 1171 3696 quae
1198 3596 1276 3659 res
1303 3598 1523 3699 quaeque
1548 3587 1813 3702 geruntur.

465 3745 641 3864 Porr0‚
669 3742 708 3842 si
735 3737 876 3840 nulla
901 3756 977 3835 est
1001 3732 1295 3870 frangendis
1320 3735 1520 3837 reddita
1545 3736 1660 3839 finis

398 3918 727 4058 Corporibus,
753 3937 922 4015 tamen
949 3950 1014 4010 ex
1040 3931 1230 4010 aeterno
1254 3932 1481 4047 tempore
1508 3871 1745 4049 quaedam

399 4097 556 4201 Nunc
581 4095 732 4194 etiam
758 4122 995 4225 superare
1022 4120 1221 4184 necesse
1240 4105 1316 4182 est
1341 4122 1553 4223 corpora
1576 4084 1745 4208 rebuS,

397 4272 530 4395 Quae
557 4266 783 4371 nondum
803 4262 1005 4363 clueant
1030 4254 1134 4355 ullo
1158 4276 1352 4355 tentata
1375 4258 1595 4394 periclo:
1670 4278 1673 4283 ’

395 4448 468 4549 At
486 4442 726 4586 quoniam
751 4435 920 4575 fragili
945 4453 1126 4533 natura
1151 4429 1367 4567 praedita
1392 4456 1640 4555 constant,

397 4623 669 4758 Discrepat
694 4638 940 4717 aetemum
966 4629 1169 4743 tempus
1193 4605 1415 4743 potuisse
1443 4644 1645 4708 manere

398 4786 866 4899 Innumerabilibus
890 4781 1056 4926 plagis
1080 4802 1263 4883 vexata
1287 4818 1380 4921 per
1405 4820 1581 4885 aevom.

1115 4966 1135 5007 lt
1150 4957 1167 5008 2
