4432 5984
541 114 637 215 'ยน18
897 118 958 207 ฮค.
1023 110 1451 206 LUCRETII
1512 113 1733 210 CARI

513 464 516 473 .
640 378 917 483 Omiseras
942 374 1204 475 hominum
1230 375 1469 474 menteis!
1509 412 1540 474 o
1564 398 1791 514 pectora
1823 379 2002 480 caeca!

568 552 826 677 Qualibus
850 546 1144 651 intenebris
1168 546 1301 665 vitae,
1328 549 1634 688 quantisque
1661 555 1903 691 periclis

571 729 795 868 Degitur
819 724 914 828 boc
940 725 1051 841 aevi,
1079 720 1421 860 quodeunque
1446 723 1548 823 est!
1587 763 1771 828 nonne
1800 730 1998 831 videre

569 902 663 1005 Nil
690 900 829 1002 aliud
855 898 950 999 sibi
976 918 1208 997 naturam
1237 894 1431 1015 latrare,
1460 899 1554 997 nisi
1580 922 1653 1017 ut,
1682 938 1865 1039 quom

573 1068 800 1213 Corpore
827 1074 1082 1211 sejunctus
1111 1070 1253 1170 dolor
1278 1071 1423 1192 absit,
1451 1097 1619 1173 mente
1644 1072 1876 1179 fruatur

567 1251 808 1353 Jucundo
834 1286 999 1368 sensu,
1027 1284 1147 1348 cura
1172 1270 1375 1369 semota,
1401 1252 1674 1387 metuquel

640 1423 779 1560 Ergo
804 1458 1094 1558 corpoream
1120 1418 1182 1518 ad
1210 1445 1440 1521 naturam
1467 1459 1630 1559 pauca
1654 1427 1916 1536 videmus

568 1595 692 1699 Esse
717 1634 845 1734 opus
869 1596 1091 1718 omnine,
1120 1636 1236 1736 quae
1262 1599 1469 1699 demant
1492 1634 1697 1739 cunque
1722 1601 2007 1735 dolorem,

569 1770 790 1873 Delicias
816 1808 1024 1909 quoqne
1051 1775 1125 1873 uti
1151 1774 1332 1875 multas
1358 1774 1676 1875 substernere
1701 1783 1944 1913 possint,

568 1944 776 2047 Gratius
801 1944 1057 2043 interdum
1083 1984 1249 2084 neque
1274 1971 1454 2048 natura
1481 1949 1589 2085 ipsa
1612 1950 1856 2086 requirit.

568 2121 622 2223 Si
649 2159 748 2221 non
777 2157 929 2220 aurea
954 2120 1331 2258 suntjnvenum
1360 2122 1623 2222 simulacra
1647 2160 1740 2259 per
1764 2128 1948 2235 aedeis

567 2298 852 2437 Lampadas
877 2294 1116 2434 igniferas
1141 2292 1372 2395 manibus
1398 2296 1666 2395 retinentia
1691 2294 1923 2427 dextris,

567 2474 788 2576 Lumina
810 2469 1070 2573 nocturnis
1095 2467 1260 2605 epulis
1284 2490 1342 2569 ut
1367 2467 1778 2605 suppeditentur,

566 2647 679 2751 Nec
706 2647 886 2747 domus
909 2656 1120 2780 argento
1144 2639 1324 2779 fulget,
1351 2678 1576 2778 auroque
1602 2642 1802 2743 renidet
1816 2687 1833 2770 3

567 2821 681 2924 Nec
707 2818 911 2923 citharis
936 2814 1149 2917 reboant
1173 2815 1408 2954 laqueata
1431 2837 1709 2953 aurataque
1735 2824 1953 2959 templa
1973 2872 1987 2933 :

567 2997 709 3116 Quin
728 3017 896 3094 tamen
921 2992 1055 3090 inter
1080 3026 1130 3091 se
1156 2991 1392 3126 prostrati
1417 2989 1471 3089 in
1498 2994 1724 3126 gramine
1751 2998 1902 3101 molli

565 3169 785 3307 Propter
809 3204 957 3304 aquae
983 3164 1158 3282 rivom,
1179 3159 1273 3262 sub
1295 3164 1444 3263 ramis
1471 3132 1820 3287 arboris'altae,

568 3346 690 3448 Non
711 3342 907 3480 magnis
930 3336 1117 3476 opibus
1132 3338 1358 3474 jucunde
1380 3376 1590 3476 corpora
1614 3362 1822 3444 curant:

566 3518 852 3622 Praesertim
879 3528 1035 3652 quoni
1062 3533 1333 3649 tempestas
1359 3514 1572 3634 adridet,
1600 3538 1653 3615 et
1676 3517 1794 3617 anni

563 3693 817 3830 Tempora
841 3702 1187 3823 conspergunt
1209 3688 1499 3790 viridanteis
1524 3689 1736 3791 floribus
1761 3689 1960 3803 herbas
1980 3747 2000 3831 3

567 3866 680 3968 Nec
706 3862 882 3965 calidae
909 3861 1056 3959 citius
1081 3860 1335 3964 decedunt
1359 3901 1566 4003 corpore
1591 3862 1773 3985 febres,

564 4040 854 4147 Textilibus
880 4039 917 4137 si
947 4038 1000 4136 in
1024 4035 1250 4173 picturis,
1276 4060 1514 4176 ostroque
1533 4035 1734 4143 rubenti

565 4216 598 4319 J
604 4215 798 4332 acteris,
827 4248 977 4350 quam
1000 4211 1043 4308 si
1065 4207 1265 4347 ple'beja
1291 4211 1341 4311 in
1368 4233 1503 4310 veste
1521 4180 1812 4319 cubandum
1838 4242 1934 4326 est.

634 4386 960 4524 Quapropter
978 4383 1218 4523 quoniam
1244 4384 1317 4483 nil
1342 4402 1512 4527 nostro
1530 4386 1582 4486 in
1603 4410 1811 4525 corpore
1836 4430 1987 4530 gazae

563 4565 858 4683 Proficiunt,
884 4596 1051 4700 neque
1076 4556 1329 4680 nobilitas
1357 4597 1524 4697 neque
1541 4562 1702 4700 gloria
1726 4568 1901 4704 regni3
2009 4678 2013 4683 ,
