4432 5984
733 322 1010 412 LIBER
1072 318 1504 415 QUARTUS·
1762 315 1860 432 147

362 581 430 683 Et
456 584 601 721 quasi
626 603 886 720 perterget
910 580 1150 720 pupillaS,
1177 602 1332 719 atque
1359 583 1429 683 ita
1454 584 1649 685 transit.

360 755 637 896 Propterea
661 761 736 879 fit,
763 760 840 859 uti
865 757 1124 858 videamus
1152 795 1305 895 quarn
1332 758 1510 896 procul
1535 757 1666 856 absit

360 929 461 1033 Res
489 972 741 1073 quaeque3
780 957 832 1032 et
857 953 1049 1072 quanto
1074 931 1191 1067 plus
1217 933 1344 1031 aeris
1370 954 1486 1031 ante
1514 932 1750 1070 agitatur,

363 1104 430 1207 Et
455 1132 649 1208 nostros
675 1108 846 1208 oculos
871 1129 1130 1245 perterget
1154 1106 1353 1245 longior
1378 1145 1515 1226 aura,

357 1278 484 1381 Tam
511 1284 685 1419 procul
714 1319 818 1381 esse
845 1272 1004 1419 magis
1029 1318 1107 1380 res
1134 1319 1355 1420 quaeque
1382 1303 1575 1381 remota
1598 1279 1829 1381 videtur:

362 1455 563 1557 Scilicet
587 1432 703 1557 haec·
723 1494 915 1557 summe
942 1455 1090 1556 celeri
1116 1456 1310 1555 ratione
1337 1477 1605 1592 geruntur,

363 1630 529 1753 Quale
556 1635 620 1734 sit
644 1656 703 1733 ut
725 1633 1002 1752 videamus,
1030 1654 1081 1732 et
1104 1666 1207 1729 una
1234 1666 1388 1766 quam
1416 1630 1592 1765 procul
1618 1627 1764 1729 absit.

432 1806 568 1911 Illud
596 1810 648 1908 in
675 1807 753 1908 his
778 1806 929 1908 rebus
954 1807 1159 1907 minime
1186 1801 1414 1902 mirabile
1440 1794 1733 1904 habendum
1760 1825 1853 1924 est,

364 1982 487 2103 Cur,
514 2022 572 2083 ea
598 2022 717 2123 quae
743 1982 927 2082 feriant
951 1980 1121 2083 oculos
1148 1975 1413 2077 simulacra
1437 1976 1596 2077 videri

363 2154 577 2294 Singula
602 2194 718 2258 cum
746 2177 1017 2293 nequeant,
1046 2192 1123 2254 res
1148 2154 1271 2291 ipsae
1298 2153 1700 2290 perspiciantur:

360 2328 558 2431 Ventus
583 2332 716 2429 enim
744 2368 949 2468 quoque
974 2330 1238 2468 paullatim
1265 2369 1378 2432 cum
1402 2328 1651 2451 verberat,
1672 2354 1855 2433 etcum

360 2506 491 2608 Acrc
517 2505 632 2606 ferit
661 2505 835 2644 frigus,
863 2543 964 2604 non
989 2506 1184 2642 privam
1210 2542 1469 2644 quamque
1497 2504 1714 2605 solemus

363 2676 669 2779 Particulam
695 2680 829 2780 venti
856 2681 1056 2800 sentire,
1083 2705 1136 2782 et
1158 2681 1358 2820 frigoris
1384 2680 1522 2817 ejus;

363 2851 465 2952 Sed
495 2856 652 2990 magis
679 2848 981 2976 unversum3
1019 2853 1233 2995 fierique
1260 2855 1471 2993 perinde
1497 2854 1725 2955 videmus

364 3026 590 3164 Corpore
615 3050 723 3125 tum
750 3027 924 3165 plagas
952 3029 1003 3127 in
1029 3053 1216 3149 nostro,
1242 3052 1487 3167 tanquam
1513 3031 1700 3168 aliquae
1726 3031 1834 3133 res'

360 3206 627 3321 Verberet,
655 3225 809 3339 atque
836 3202 912 3300 sui
939 3199 1027 3301 det
1052 3240 1252 3304 sensum
1280 3203 1503 3341 eorporis
1528 3225 1688 3306 extra.

233 3378 243 3399 ’
362 3381 630 3497 Praeterea,
654 3376 875 3512 lapidem
901 3375 1062 3514 digitu
1088 3416 1202 3478 eum
1227 3375 1507 3496 tundimuS,
1533 3378 1701 3514 ipsum

358 3557 639 3696 Tangimus
665 3575 947 3652 extremum
974 3551 1097 3671 saxi,
1125 3588 1486 3689 summumque
1513 3553 1760 3655 colorem:

362 3733 476 3835 Nec
501 3732 742 3833 sentimus
768 3765 885 3826 eum
910 3746 1066 3845 tactu,
1092 3763 1267 3824 verum
1294 3726 1453 3861 magis
1479 3726 1639 3862 ipsam

360 3906 619 4010 Duritiem
645 3903 848 4041 penitus
874 3900 980 4000 saxi
1006 3900 1247 3999 sentimus
1274 3899 1324 3999 in
1350 3898 1468 3999 alto.

432 4080 591 4184 Nunc
616 4115 726 4218 age,
753 4112 844 4177 eur
867 4075 1001 4175 ultra
1025 4074 1285 4212 speculum
1303 4072 1536 4173 videatur
1560 4075 1747 4213 imago,

360 4256 603 4394 Percipe3
640 4290 756 4352 nam
783 4272 917 4350 certe
943 4252 1147 4385 penitus
1172 4269 1365 4346 remota
1388 4248 1607 4351 videtur.

363 4429 519 4555 Quod
545 4465 707 4569 genus
732 4427 834 4544 illa,
861 4422 983 4524 foris
1009 4462 1127 4563 quae
1151 4461 1268 4524 vere
1298 4424 1715 4560 transpiciuntur,

358 4606 392 4709 J
396 4643 528 4707 anua
554 4640 669 4705 cum
694 4637 863 4738 perse
888 4619 1232 4735 transpectum
1258 4594 1457 4734 praebet
1482 4621 1731 4736 apertum,

362 4781 534 4883 Multa
556 4778 780 4914 facitque
803 4771 924 4873 foris
950 4811 1014 4872 ex
1039 4770 1236 4872 aedibus
1260 4793 1319 4871 ut
1341 4770 1622 4873 videantur.
1730 4762 1737 4771 ’

362 4954 413 5057 Is
438 4991 647 5095 quoque
672 4950 804 5051 enim
831 4946 1041 5086 duplici,
1067 4950 1376 5087 geminoque
1404 4945 1465 5045 fit
1490 4950 1605 5047 aire
1630 4948 1795 5049 visus:

1083 5126 1135 5176 ut
