4432 5984
380 425 448 524 ts
709 431 782 519 r..
836 389 1266 521 nucnn‘rrr
1327 417 1537 523 cunr

453 684 566 790 Nec
590 689 752 790 simile
777 713 867 810 est,
895 712 954 790 ut
979 727 1135 830 quom
1161 690 1366 830 impulsi
1392 687 1715 826 procedimus
1739 687 1888 805 ictu,

378 861 591 966 Viribus
615 864 820 966 alterins
845 868 1059 1006 magnis,
1087 903 1377 1005 magnoque
1403 887 1575 966 coactu
1596 905 1608 989 ;

380 1034 519 1139 Nam
544 1061 656 1139 tum
681 1041 943 1141 materiam
968 1043 1126 1143 totius
1152 1040 1376 1178 corporis
1400 1077 1601 1141 omnem

378 1205 713 1347 Perspicuum
740 1236 831 1335 est,
858 1216 1003 1317 nobis
1029 1217 1213 1335 invitis,
1240 1216 1330 1334 ire,
1357 1214 1591 1353 rapique,

379 1381 638 1486 Donicum
664 1425 775 1487 carn
800 1389 1087 1492 refraenavit
1113 1427 1205 1528 per
1230 1385 1457 1489 membra
1481 1389 1731 1490 voluntas.

375 1558 409 1662 J
414 1600 561 1661 amne
581 1534 719 1663 vides
745 1564 919 1701 igitur,
947 1601 1260 1704 quamquam
1286 1565 1360 1663 vis
1386 1586 1561 1663 extera
1579 1562 1794 1664 multos'

376 1732 545 1856 Pellit,
573 1759 625 1837 ct
649 1739 831 1839 invitos
856 1741 993 1878 cogit
1018 1739 1290 1878 procedere
1318 1777 1470 1877 saepe‚

375 1905 794 2051 Praecipitcisque
819 1915 969 2052 rapit,
996 1937 1166 2015 tamen
1194 1952 1300 2014 csse
1327 1914 1378 2013 in
1406 1938 1611 2052 pectore
1637 1939 1815 2017 nostro

377 2079 656 2202 Quidnam,
684 2088 824 2226 quod
851 2112 1027 2190 contra
1051 2126 1299 2226 pugnare,
1327 2089 1632 2228 obstareque
1657 2092 1836 2228 possit,

374 2257 575 2398 Quojus
600 2263 660 2364 ad
692 2265 958 2367 arbitrium
984 2302 1191 2404 qnoque
1216 2264 1363 2402 copia
1387 2265 1615 2365 materiai

373 2436 589 2577 Cogitur
613 2441 870 2543 interdum
896 2443 1033 2543 flecti
1059 2480 1154 2579 per
1178 2439 1421 2560 membra,
1452 2477 1546 2576 per
1570 2461 1724 2556 artuS,

196 2655 200 2661 ·
369 2607 438 2712 Et
463 2614 689 2751 projecta
712 2616 1030 2735 refraenatur,
1058 2638 1298 2754 retroque
1318 2614 1523 2716 residit?

436 2785 609 2927 Quare
626 2791 679 2891 in
695 2789 971 2891 seminibus
986 2829 1194 2930 quoquc
1211 2791 1346 2890 idem
1361 2790 1875 2935 fatearenecesseest,

367 2959 490 3064 Esse
516 2965 664 3064 aliam
690 2988 879 3103 praeter
903 2965 1080 3103 plagas
1105 2989 1156 3066 et
1180 2966 1407 3104 pondera
1431 3003 1633 3065 causam

367 3135 616 3259 Motibus
645 3140 781 3241 unde
808 3138 917 3242 haec
938 3164 1014 3277 cst
1037 3141 1183 3243 nobis
1210 3144 1383 3242 innata
1408 3162 1659 3277 potestas:

367 3311 449 3415 De
477 3314 636 3416 nihilo
663 3318 904 3455 quoniam
931 3317 1039 3416 fieri
1066 3319 1137 3416 nil
1164 3356 1308 3455 posse
1333 3317 1578 3416 videmus

369 3487 578 3593 Pondus
605 3493 739 3592 enim
766 3490 1005 3631 prohibet
1029 3531 1092 3591 ne
1119 3493 1283 3630 plagis
1308 3496 1478 3594 omnia
1502 3495 1642 3612 fiant,

369 3662 597 3767 Externa
623 3669 767 3806 quasi
794 3669 841 3768 vi
856 3709 869 3790 ;
897 3666 985 3768 sed
1010 3707 1074 3768 ne
1100 3705 1241 3767 mens
1263 3669 1371 3806 ipsa
1396 3707 1659 3770 necessum

365 3840 670 3944 intestinum
697 3841 882 3942 habeat
907 3845 1101 3944 cunctis
1126 3845 1178 3944 in
1205 3843 1358 3947 rebus
1384 3846 1610 3984 agendis,

363 4017 432 4119 Et
458 4019 653 4119 devicta
678 4017 822 4157 quasi
849 4039 1062 4154 cogatur
1086 4017 1234 4142 ferre,
1262 4025 1503 4163 patique3

362 4191 423 4293 ld
450 4192 570 4293 facit
595 4194 841 4330 exiguum
868 4191 1116 4290 clinamen
1144 4197 1509 4334 principiorum

362 4365 474 4468 Nec
500 4367 707 4503 regione
733 4365 829 4465 loci
856 4387 1008 4485 certa,
1030 4405 1122 4467 nec
1150 4391 1376 4508 tempore
1396 4397 1549 4477 certo.

430 4539 544 4642 Nec
571 4541 755 4676 stipata
779 4541 938 4677 magis
964 4543 1063 4641 fuit
1088 4581 1315 4683 unquam
1343 4551 1572 4652 materiai

360 4714 537 4855 Copia,
566 4755 658 4815 nec
683 4752 834 4852 porro
860 4717 1136 4854 majoribus
1163 4721 1468 4825 intervallis:

357 4890 495 4992 Nam
512 4928 679 5028 neque
688 4888 984 5028 adaugescit
1000 4896 1299 5033 quidquam,
1311 4937 1479 5038 neque
1497 4900 1696 5039 deperit
1709 4903 1857 5010 inde.

357 5064 686 5204 Quapropter
710 5101 813 5204 quo
837 5107 975 5170 nunc
1000 5071 1051 5170 in
1079 5095 1221 5174 motu
1246 5075 1614 5216 principiorum
