4432 5984
771 323 1039 415 LIBER
1100 324 1453 415 PRIMUS.
1778 321 1846 415 33

356 581 529 716 Atque
551 575 601 679 in
629 618 712 680 eas
738 621 936 683 rursum
963 621 1041 683 res
1060 582 1228 684 omnia
1254 583 1613 700 dissolvuntur,

361 748 467 870 Qut
493 754 763 890 magis-illa
788 780 985 893 queunt
1008 794 1175 858 rerum
1200 756 1476 895 primordia
1502 756 1616 873 diei,
1702 827 1706 838 ·

359 921 528 1044 Quam
556 947 728 1024 contra
753 965 831 1025 res
855 930 1072 1050 illorum,
1100 955 1337 1069 retroque
1362 930 1577 1065 putarit

356 1098 580 1199 Alternis
605 1100 887 1236 gignuntur
905 1101 1056 1220 enim,
1084 1104 1643 1240 mutantquecolorem,

360 1270 430 1373 Et
452 1295 609 1371 totam
637 1273 767 1371 inter
792 1312 843 1371 se
870 1294 1117 1391 naturam,
1144 1296 1370 1410 tempore
1397 1274 1460 1375 ab
1487 1278 1641 1378 omni.
1694 1314 1697 1321 ·
1803 1298 1819 1319 ’”

361 1446 448 1547 Sin
476 1449 546 1546 ita
570 1447 698 1545 forte
718 1468 868 1584 putas
894 1447 1041 1581 ignis,
1069 1469 1320 1585 terraeque
1347 1446 1478 1546 coire

362 1617 655 1757 Corpuset
673 1620 830 1719 aerias
857 1657 1019 1738 auraS,
1045 1657 1311 1757 roremque
1338 1620 1634 1758 liquorum,'

360 1792 453 1897 Nit
480 1796 530 1895 in
559 1796 769 1895 concilio
797 1816 1026 1893 naturam
1055 1815 1112 1893 ut
1137 1815 1298 1892 mutet
1323 1831 1495 1892 eorum
1505 1835 1518 1916 3

361 1966 521 2068 Nulla
548 1968 640 2069 tibi
667 2007 730 2069 ex
755 1967 853 2068 illis
879 1967 1065 2103 poterit
1090 2004 1167 2066 res
1187 2004 1291 2065 esse
1317 1988 1498 2085 creata,

360 2139 480 2242 Non
508 2143 749 2260 animans,
776 2178 876 2240 non
904 2138 1136 2238 exanimo
1162 2137 1288 2276 quid
1315 2177 1538 2277 corpore,
1560 2160 1619 2239 ut
1642 2137 1817 2240 arbos:

358 2312 567 2453 Quippe
593 2352 734 2414 suam
760 2312 1058 2452 quidquem
1087 2333 1216 2411 coetu
1242 2313 1480 2412 variantis
1505 2313 1667 2412 acervi
1703 2312 1708 2320 ’

361 2485 613 2591 Naturam
641 2486 888 2605 ostendet,
910 2486 1189 2621 mistusque
1214 2485 1471 2586 videbitur
1488 2488 1574 2586 aer

363 2662 495 2765 Cum
521 2687 655 2764 terra
680 2662 853 2780 simul,¹
873 2681 1026 2796 atque
1052 2656 1201 2758 ardor
1224 2697 1339 2759 cum
1365 2696 1476 2758 rore
1501 2697 1732 2760 manere:

359 2835 432 2936 At
454 2836 731 2974 primordia
757 2832 1033 2974 gignundis
1059 2833 1110 2930 in
1139 2831 1289 2932 rebus
1314 2855 1516 2970 oportet
1543 2836 1547 2845 “
1717 2832 1723 2839 ’

362 3005 613 3111 Naturam
642 3006 1022 3123 clandestinam,
1048 3012 1335 3142 caecamque
1360 3004 1618 3126 adhibere,

363 3180 598 3283 Emineat
621 3222 684 3282 ne
711 3182 854 3320 quid,
883 3178 1019 3320 quod
1049 3201 1224 3280 contra
1247 3184 1459 3318 pugnet,
1487 3202 1539 3279 et
1562 3178 1746 3298 obstet,

362 3354 481 3476 Quo
507 3357 671 3456 minus
696 3391 801 3454 esse
827 3374 984 3492 queat
1007 3351 1211 3488 proprie
1238 3352 1583 3492 quodcunque
1608 3354 1824 3453 creatur.

432 3527 570 3649 Quin
597 3529 749 3628 etiam
773 3547 1013 3664 repetunt
1036 3562 1067 3623 a
1090 3524 1231 3646 coelo,
1257 3548 1411 3665 atque
1437 3524 1640 3664 ignibus
1664 3525 1789 3664 ejus

362 3702 432 3806 Et
454 3705 675 3841 primum
700 3701 895 3802 faciunt
918 3702 1086 3838 ignem
1112 3736 1164 3798 se
1188 3722 1381 3800 vertere
1406 3701 1459 3800 in
1484 3736 1630 3800 auras

359 3876 537 3979 Aeris:
575 3873 694 3977 hinc
719 3872 932 3974 imbrem
947 3874 1119 4011 gigni,
1147 3878 1440 4014 terramque
1466 3875 1624 3976 creari

362 4047 442 4151 Ex
469 4047 636 4168 imbri,
663 4054 904 4186 retroque
929 4084 959 4145 a
982 4069 1126 4147 terra
1141 4070 1324 4148 cuncta
1349 4031 1549 4170 reverti,

364 4222 644 4323 Humorem
670 4223 907 4358 primum,
933 4245 1050 4360 post
1073 4227 1205 4345 aera,
1233 4222 1416 4324 deinde
1442 4224 1688 4325 calorem:
1738 4212 1742 4221 ¹

304 4458 316 4469 -
366 4395 480 4499 Nee
505 4434 696 4498 cessare
720 4394 831 4498 haeo
854 4397 988 4498 inter
1011 4436 1062 4498 se
1087 4419 1300 4519 mutare,
1327 4435 1495 4498 meare
1701 4390 1705 4399 ¹

363 4572 446 4677 De
471 4572 595 4675 coelo
620 4573 684 4674 ad
709 4586 912 4694 terram,
940 4573 1004 4674 de
1030 4594 1167 4673 terra
1191 4570 1253 4670 ad
1283 4569 1447 4671 sidera
1463 4572 1677 4679 mundi:
1747 4562 1768 4633 ³¹

363 4748 516 4871 Quod
543 4746 865 4850 facere'haud
894 4724 1000 4849 ullo
1026 4743 1219 4847 debent
1244 4742 1521 4881 primordia
1544 4760 1710 4885 pactoss
1723 4734 1729 4741 ¹
1785 4730 1789 4737 ⁵
1832 4870 1837 4879 Ι
1870 4793 1873 4799 ·

361 4920 686 5034 Immutabile
711 4921 845 5023 enim
871 4920 1117 5059 quiddam
1143 4953 1389 5057 superare
1413 4921 1613 5025 necesse
1638 4910 1729 5046 est,

1112 5103 1131 5149 ἲ
