4432 5984
378 314 489 437 roa·
715 321 774 408 r.
842 317 1270 407 nucnnru
1333 316 1544 411 curu

376 577 490 680 Nec
514 577 706 677 ratione
734 575 837 675 ulla
863 574 955 675 sibi
981 574 1171 674 ferrent
1196 576 1411 709 amplius
1436 581 1599 680 aureis

374 749 526 852 Vocis
551 749 801 849 inauditos
828 752 1018 849 sonitus
1043 747 1326 848 obtundere
1353 748 1554 853 frustra.

443 922 720 1043 Postremo,
742 924 865 1060 quid
893 926 945 1024 in
972 923 1065 1025 hac
1090 922 1319 1023 mirabile
1343 947 1607 1062 tantopere
1631 950 1708 1032 est
1732 966 1803 1047 re,

375 1095 427 1196 Si
454 1135 617 1234 genus
642 1094 935 1217 humanum,
963 1100 1044 1199 cui
1068 1137 1168 1200 vox
1193 1120 1244 1197 et
1267 1099 1443 1234 lingua
1467 1100 1675 1238 vigeret,

373 1270 473 1373 Pro
498 1274 634 1374 vario
659 1310 806 1373 sensu
832 1274 991 1372 varias
1016 1310 1094 1373 res
1119 1311 1238 1373 voce
1264 1295 1474 1396 notaret,

373 1434 544 1568 Quom
570 1446 789 1584 pecudes
815 1469 985 1564 mutae,
1014 1483 1166 1585 quom
1196 1445 1416 1585 denique
1444 1449 1589 1549 saecla
1613 1449 1831 1551 ferarum

373 1621 672 1723 Dissimilcis
698 1623 891 1721 soleant
915 1655 1059 1719 voees
1083 1618 1345 1757 variasque
1372 1623 1518 1744 ciere,

373 1794 541 1916 Quom
554 1794 965 1895 metusautdolor
979 1812 1123 1909 estet
1139 1830 1293 1928 quom
1303 1793 1409 1930 jam
1420 1797 1853 1935 gaudiagliscuntl

370 1968 579 2108 Quippe
605 1969 791 2069 etenim
816 1969 868 2068 id
896 1969 1014 2068 licet
1038 2006 1065 2066 e
1090 1965 1241 2067 rebus
1267 2005 1565 2105 cognoscere
1591 1974 1791 2109 apertis.

439 2143 651 2244 inritata
677 2180 858 2243 canum
886 2179 1038 2279 quom
1065 2141 1287 2276 primum
1313 2178 1495 2276 magna
1522 2141 1799 2249 Molossdm

368 2315 549 2418 Mollia
573 2318 697 2417 ricta
722 2315 946 2417 fremunt
970 2314 1121 2413 duros
1147 2303 1394 2413 nudantia
1416 2316 1625 2437 denteis,

265 2586 270 2597 .
367 2491 545 2629 Longe
571 2492 668 2590 alio
695 2491 860 2590 sonitu
886 2487 1026 2588 rabie
1051 2488 1276 2588 districta
1301 2490 1584 2617 minantur;

366 2667 436 2768 Et
461 2705 614 2805 quom
634 2665 739 2804 jam
768 2666 969 2783 latrant,
996 2685 1047 2763 et
1069 2660 1275 2764 vocibus
1300 2666 1468 2764 omnia
1491 2669 1761 2806 complent.

364 2841 437 2943 At
462 2842 654 2943 catulos
679 2839 864 2940 blande
891 2879 1045 2978 quom
1071 2840 1246 2976 lingua
1270 2837 1493 2939 lambere
1517 2864 1731 2964 tentant,

363 3018 470 3117 Aut
495 3016 581 3117 ubi
608 3056 691 3117 eos
708 3016 905 3153 jactant
929 3010 1162 3152 pedibus,
1191 3050 1461 3151 morsuque
1488 3039 1731 3152 petentes,

364 3191 632 3331 Suspensis
657 3215 857 3292 teneros
883 3189 1144 3287 imitantur
1169 3186 1408 3288 dentibus
1431 3187 1655 3312 haustus,

364 3364 540 3504 Longe
567 3366 663 3465 alio
689 3386 837 3501 pacto
863 3363 1077 3498 gannitu
1102 3362 1235 3461 vocis
1262 3360 1472 3462 adulant
1487 3404 1500 3487 ;

362 3536 431 3637 Et
456 3575 615 3676 quom
642 3536 826 3636 deserti
853 3532 1142 3633 baubantur
1166 3535 1217 3633 in
1245 3532 1456 3655 aedibus,
1477 3560 1565 3638 aut
1590 3577 1745 3677 quom

361 3709 623 3811 Plorantes
648 3709 854 3847 fugiunt
879 3706 1123 3807 submisso
1148 3746 1355 3845 corpore
1380 3710 1570 3849 plagas,

434 3883 672 4022 Denique
699 3921 799 3982 non
827 3881 1055 3983 hinnitus
1081 3883 1201 3981 item
1228 3880 1429 3982 differre
1454 3885 1669 4007 videtur,

362 4057 504 4158 Inter
527 4096 684 4194 equas
710 4055 799 4156 ubi
825 4094 988 4194 equus
1013 4057 1210 4155 florenti
1239 4079 1386 4155 aetate
1403 4056 1653 4192 juvencus

361 4230 621 4370 Pinnigeri
648 4234 788 4331 saevit
812 4230 1087 4331 calcaribus
1111 4231 1240 4329 ictus
1264 4230 1493 4355 Amoris;

360 4407 430 4508 Et
452 4407 707 4508 fremitum
733 4407 921 4543 patulis
946 4404 1041 4505 sub
1068 4401 1271 4503 naribus
1297 4405 1404 4503 edit
1427 4406 1490 4505 ad
1517 4445 1684 4511 arma:

358 4580 434 4681 Ac
462 4618 615 4719 quom
641 4581 706 4679 sis
731 4581 851 4680 alias
876 4548 1135 4679 concussis
1153 4576 1362 4677 artubus
1386 4577 1586 4683 hinnit?

428 4748 703 4868 Postrem0‚
731 4789 891 4888 genus
917 4752 1146 4870 alituum,
1173 4755 1426 4891 variaeque
1451 4755 1693 4880 volueres,

358 4925 654 5061 Accipitres,
681 4946 836 5064 atque
861 4923 1133 5061 ossifragae,
1159 4927 1422 5066 mergique
1451 4932 1654 5032 marinis
