4432 5984
786 382 1069 497 bruna
1131 404 1484 506 suxrus.
1791 411 1890 522 aar

394 665 771 805 Quamcunque
797 666 1014 806 arripuit
1036 690 1252 804 partem,
1279 672 1519 813 repitque
1546 712 1640 813 per
1664 699 1819 779 artus.

396 843 672 966 Nimirum,
702 847 823 985 quia
849 868 970 947 sunt
994 846 1267 947 multarum
1294 849 1486 949 semina
1511 887 1712 950 rernm:

394 1019 465 1121 Et
489 1024 607 1122 satis
633 1020 740 1122 haec
766 1023 917 1123 tellus
941 1021 1091 1122 nobis
1116 1022 1407 1162 caelumque
1434 1023 1555 1122 mali
1580 1022 1695 1144 fert,

392 1193 547 1298 Unde
575 1216 731 1335 queat
755 1196 829 1296 vis
853 1197 1084 1297 immensi
1110 1235 1428 1334 procrescere
1454 1199 1635 1303 morbi.

393 1369 477 1471 Sic
503 1370 661 1509 igitur
684 1371 782 1470 toti
807 1372 948 1491 coeln,
976 1394 1231 1511 terraeque
1256 1373 1547 1510 putandum
1573 1396 1649 1475 est

395 1543 476 1645 Ex
502 1545 701 1646 infinito
727 1545 845 1645 satis
870 1546 1038 1646 omnia
1064 1547 1409 1684 suppeditare,

392 1717 546 1822 Unde
573 1741 781 1856 repente
809 1742 964 1859 queat
988 1720 1138 1821 tellus
1165 1760 1404 1822 concussa
1430 1726 1635 1845 moveri,

393 1894 597 2035 Perque
623 1932 758 1995 mare
785 1916 837 1993 et
861 1916 1019 1994 terras
1044 1895 1257 2034 rapidus
1282 1934 1581 2033 percurrere
1604 1898 1776 2021 turbo,

394 2069 535 2209 Ignis
561 2069 819 2169 abundare
846 2066 1096 2190 AEtnaeuS,
1123 2073 1464 2197 flammescere
1489 2074 1687 2175 coelum.

393 2247 456 2348 ld
483 2283 689 2386 quoque
715 2244 849 2342 enim
878 2242 950 2362 fit,
978 2266 1030 2345 et
1055 2243 1325 2345 ardescunt
1349 2245 1569 2347 coelestia
1592 2249 1799 2389 templa,
1851 2244 1856 2273 ³

368 2421 468 2526 'Ut
491 2412 814 2557 tempestates
841 2417 1028 2555 pluviae
1054 2419 1283 2556 graviore
1309 2443 1485 2520 coortu

393 2598 541 2718 Sunt,
570 2594 655 2695 ubi
683 2592 811 2693 forte
837 2594 907 2692 ita
932 2632 983 2693 se
1009 2592 1290 2693 tetulerunt
1317 2596 1510 2695 semina
1534 2632 1804 2734 aquarum.

360 2839 365 2847 ·
461 2772 533 2872 At
558 2771 706 2870 nimis
731 2768 1011 2905 octingena
1038 2767 1241 2868 incendi
1263 2768 1502 2871 turbidus
1529 2770 1696 2875 ardor.

395 2948 614 3066 Scilicet,
641 2965 693 3044 et
716 2944 918 3061 fluvius,
947 2943 1036 3081 qui
1063 2943 1214 3061 visus,
1243 2946 1492 3046 maximus
1517 2947 1600 3085 eji,

394 3123 499 3245 Qui
526 3158 626 3220 uon
653 3139 769 3218 ante
796 3118 1017 3258 aliquem
1046 3120 1285 3258 majorem
1310 3119 1468 3221 vidit:
1509 3143 1560 3219 et
1585 3122 1768 3260 ingens
1927 3213 1930 3222 .

390 3298 575 3416 Arbor,
602 3295 856 3431 homoque
881 3293 1082 3395 videtur
1097 3331 1112 3416 3
1157 3316 1209 3393 et
1233 3294 1404 3393 omnia
1428 3293 1492 3394 de
1517 3316 1706 3432 genere
1731 3298 1871 3401 omui

394 3472 623 3574 Maxima
648 3507 768 3605 quae
796 3467 922 3568 vidit
948 3469 1183 3607 quisque,
1211 3466 1320 3568 haec
1346 3469 1574 3606 ingentia
1601 3467 1779 3606 fingit:

391 3644 560 3767 Quom
587 3665 756 3742 tamen
782 3643 950 3740 omnia
974 3679 1090 3742 cum
1116 3641 1256 3761 coelo,
1283 3663 1538 3780 terraque,
1565 3643 1796 3780 marique

392 3820 487 3926 Nil
514 3820 614 3921 sint
637 3816 702 3916 ad
728 3853 974 3915 summam
1000 3823 1215 3917 summai
1241 3817 1396 3917 totius
1422 3854 1638 3917 omnem.

462 3992 619 4095 Nunc
643 4015 829 4109 tamen,
856 3988 945 4090 illa
970 3989 1132 4089 modis
1158 3988 1348 4128 quibus
1375 3991 1579 4090 inritata
1602 4014 1816 4130 repente

392 4170 619 4271 Flamma
642 4166 774 4266 foras
799 4164 950 4268 vastis
975 4163 1149 4265 AEtnae
1174 4164 1466 4267 fornacibus
1493 4167 1647 4289 efflet,

216 4402 221 4410 ·
392 4344 695 4482 Expediam.
766 4338 993 4442 Primum
1020 4343 1176 4443 totius
1203 4338 1421 4441 subcava
1447 4343 1634 4443 montis

391 4517 486 4621 Est
511 4539 708 4635 natura,
735 4514 838 4613 fere
865 4516 1061 4616 silicum
1087 4514 1295 4619 suffulta
1318 4517 1571 4617 cavernis:

391 4691 646 4797 Omnibus
672 4711 747 4789 est
770 4726 921 4826 porro
946 4690 999 4789 in
1024 4689 1278 4826 speluncis
1304 4711 1484 4793 ventus
1508 4710 1560 4787 et
1583 4692 1698 4790 aes:

389 4868 589 4971 Ventus
613 4864 748 4964 enim
773 4863 847 4983 fit,
876 4863 963 4963 ubi
990 4887 1067 4964 est
1092 4864 1331 5003 agitando
1357 4863 1579 5001 percitus
1603 4865 1705 4963 ae'r.

392 5043 494 5147 Hic
518 5040 607 5144 ubi
632 5038 896 5180 percaluit,
924 5036 1252 5180 calefecitque
1278 5039 1449 5140 omnia
1473 5038 1663 5140 circum
