4432 5984
369 294 469 391 loe
671 302 731 389 r.
800 298 1237 391 nucunru
1275 270 1519 388 'curu

367 556 636 677 Quatenus
653 557 816 659 omnis
841 558 932 659 ubi
959 596 986 659 e
1010 578 1118 657 toto
1129 557 1238 695 jam
1262 564 1476 691 'corpore
1501 554 1675 674 cessit,
1723 556 1729 565 ’

367 728 573 831 Extima
597 731 941 834 membrorum
966 732 1369 834 circum-caesura
1391 750 1559 829 tamen
1586 764 1641 827 se

365 904 663 1009 Incolumen
688 930 913 1045 praestat,
940 945 1032 1006 nec
1059 904 1183 1003 defit
1200 904 1441 1041 ponderis
1467 900 1671 1003 hilum:

367 1076 521 1200 Quod
549 1118 712 1217 genus
737 1105 813 1183 est
840 1076 1028 1181 Bacchi
1055 1114 1213 1215 quom
1237 1078 1332 1179 flos
1347 1075 1570 1196 evanuit,
1590 1096 1689 1176 aut
1709 1056 1899 1213 quum

366 1254 589 1391 Spiritus
612 1256 863 1395 unguenti
889 1255 1054 1356 suavis
1078 1248 1286 1386 diffugit
1309 1254 1361 1353 in
1387 1291 1552 1373 auras,

363 1426 471 1527 Aut
495 1429 669 1568 aliquo
694 1468 852 1568 quom
869 1430 977 1566 jam
1004 1463 1182 1527 succus
1207 1426 1272 1527 de
1297 1466 1507 1568 corpore
1531 1424 1726 1529 cessit:

364 1599 459 1703 Nil
484 1603 643 1703 oculis
666 1626 834 1703 tamen
862 1640 969 1702 esse
992 1602 1159 1700 minor
1182 1636 1262 1699 res
1286 1601 1397 1739 ipsa
1413 1599 1616 1703 videtur

363 1773 658 1914 Propterea,
685 1815 854 1916 neque
880 1776 1164 1875 detractum
1190 1774 1255 1876 de
1280 1776 1508 1912 pondere
1532 1772 1887 1915 quidquam:

363 1947 643 2074 Nimirum,
668 1951 791 2089 quia
814 1950 975 2050 multa
997 1949 1298 2089 minutaque
1318 1950 1509 2051 semina
1527 1984 1706 2051 succos

362 2120 624 2246 Efficiunt,
651 2148 703 2224 et
726 2123 934 2225 odorem
960 2123 1012 2221 in
1038 2144 1146 2222 toto
1171 2160 1380 2261 corpore
1405 2161 1592 2225 rerum.

364 2295 536 2417 Quare
563 2299 713 2398 etiam
739 2320 896 2437 atque
922 2297 1074 2398 etiam
1098 2298 1281 2398 mentis
1306 2321 1541 2399 naturam
1565 2296 1887 2437 animaeque

363 2468 503 2571 Scire
527 2472 647 2573 licet
669 2509 919 2611 perquam
942 2471 1183 2609 pauxillis
1207 2512 1315 2574 esse
1340 2494 1560 2576 creatam

363 2643 685 2747 Seminibus:
725 2649 968 2785 quoniam
993 2645 1195 2783 fugiens
1220 2650 1291 2749 nil
1316 2647 1559 2788 ponderis
1585 2642 1780 2751 aufert.

432 2818 486 2921 N
490 2859 546 2921 ec
570 2844 740 2921 tamen
765 2819 875 2922 haec
901 2822 1116 2959 simplex
1140 2821 1287 2923 nobis
1306 2846 1487 2923 natura
1500 2820 1735 2960 putanda
1756 2846 1883 2929 est:

360 2991 552 3095 Tenuis
570 2996 705 3094 enim
731 2994 969 3134 quaedam
993 2994 1322 3097 moribundos
1349 2996 1537 3097 deserit
1560 3032 1685 3097 aura

363 3166 520 3269 Mista
544 3207 750 3307 vapore,
774 3205 933 3305 vapor
956 3206 1107 3306 porro
1131 3169 1289 3270 trahit
1312 3175 1430 3272 aira
1455 3208 1656 3295 sccum3
1788 3188 1795 3201 '

364 3340 478 3445 Nec
504 3344 640 3444 calor
663 3366 739 3443 est
763 3344 1053 3481 quisquam,
1080 3352 1204 3481 quoi
1227 3383 1329 3445 non
1356 3346 1420 3447 sit
1444 3347 1622 3447 mistus
1648 3367 1700 3445 et
1726 3347 1878 3453 aiir:

362 3512 499 3618 Rara
522 3517 662 3656 quod
689 3516 797 3654 ejus
821 3517 956 3617 euim
981 3540 1181 3617 constat
1203 3541 1401 3640 natura,
1429 3556 1633 3621 necesse
1658 3540 1744 3621 est

360 3688 509 3790 Aeris
534 3691 666 3790 inter
690 3729 807 3790 eum
832 3690 1110 3827 primordia
1133 3692 1295 3791 multa
1318 3694 1455 3794 cieri.

430 3861 464 3963 J
469 3900 549 3962 am
573 3865 763 4001 triplex
789 3866 942 3963 animi
967 3886 1043 3963 est
1066 3865 1226 4003 igitur
1251 3890 1433 3969 natura
1456 3868 1678 4006 reperta.

364 4035 479 4141 Nec
496 4059 668 4137 tamen
687 4035 796 4138 haec
816 4059 891 4136 sat
910 4059 1029 4138 suut
1047 4038 1109 4137 ad
1127 4077 1328 4141 sensum
1344 4066 1528 4145 cuncta
1545 4016 1875 4175 creanduin3

364 4209 460 4312 Nil
484 4208 666 4333 horum
692 4210 931 4346 quoniam
956 4214 1138 4351 recipit
1161 4254 1303 4316 mens
1327 4255 1473 4353 posse
1500 4254 1671 4319 creare

364 4381 641 4484 Sensiferos
666 4404 847 4503 motus,
875 4386 1111 4523 quaedam
1138 4391 1228 4528 qui
1254 4413 1424 4490 mente
1448 4392 1696 4495 volutent.

364 4553 562 4677 Quarta
585 4594 792 4696 quoque
812 4556 889 4658 his
913 4561 1073 4695 igitur
1097 4564 1332 4700 quaedam
1350 4588 1532 4669 natura
1557 4538 1763 4675 necesse
1784 4604 1878 4687 est

361 4728 689 4831 Attribuatur
714 4734 801 4864 (ea
825 4755 900 4831 est
923 4736 1130 4836 omnino
1154 4741 1374 4840 nominis
1399 4744 1609 4880 expers)
1629 4786 1641 4845 :

364 4898 482 5021 Qua
500 4941 666 5042 neque
682 4902 917 5007 mobilius
936 4910 1238 5049 quidquam,
1254 4952 1423 5055 neque
1444 4918 1649 5023 tenuius
1668 4948 1876 5059 exstat,
