4432 5984
753 308 1027 400 LIBER
1092 307 1500 403 QUINTUS·
1755 312 1856 404 205

366 568 556 671 Omnia
580 567 715 668 enim
743 566 900 703 magis
926 563 1035 666 haec
1061 605 1089 665 e
1114 565 1325 668 laevibus
1350 592 1504 707 atque
1531 568 1759 671 rotundis

366 743 672 862 Seminibus,
700 741 963 877 multoque
989 740 1266 843 minoribus
1292 766 1410 844 sunt
1436 744 1714 863 elementis,

365 916 535 1038 Quam
559 918 740 1018 tellus:
779 913 893 1014 ideo
918 952 1011 1051 per
1035 952 1147 1014 rara
1173 913 1418 1017 foramina
1442 938 1590 1014 terrae

362 1089 601 1192 Panibus
625 1126 896 1225 erumpens
924 1089 1114 1224 primus
1140 1127 1191 1188 se
1219 1092 1425 1190 sustulit
1449 1087 1608 1189 aether

365 1266 603 1405 Signifer,
631 1287 683 1363 et
705 1263 889 1363 multos
915 1298 1082 1362 secum
1109 1261 1231 1361 levis
1257 1260 1466 1362 abstulit
1494 1263 1687 1401 igneis:

368 1439 488 1540 Non
517 1442 614 1540 alia
636 1439 788 1575 longe
812 1437 1022 1555 ratione,
1049 1472 1106 1535 ao
1131 1473 1267 1573 saepe
1293 1436 1538 1556 videmus,

364 1612 536 1713 Aurea
562 1651 715 1751 quom
741 1613 960 1749 primum
987 1612 1320 1747 gemmanteis
1346 1649 1457 1710 rore
1484 1648 1574 1749 per
1599 1609 1782 1711 herbas

364 1784 621 1887 Matutina
644 1783 833 1886 rubent
857 1785 1037 1885 radiati
1064 1786 1256 1885 lumina
1281 1786 1419 1905 solis,

364 1958 723 2098 Exhalantque
749 1959 885 2060 lacus
911 1957 1166 2081 nebulam,
1194 1963 1442 2099 fluviique
1471 1996 1746 2097 perennes3

363 2129 482 2270 Ipsa
506 2171 715 2272 quoque
738 2132 996 2233 interdurn
1020 2132 1172 2234 tellus
1197 2133 1391 2234 fumare
1410 2134 1643 2235 videtur:

363 2304 552 2406 Omnia
577 2345 694 2444 quae
719 2342 914 2406 sursum
943 2343 1099 2443 quom
1125 2308 1457 2407 conciliantur
1483 2309 1531 2406 in
1559 2306 1679 2425 alto,
1735 2284 1740 2291 ⁵

363 2478 588 2618 Corpore
614 2500 847 2579 concreto
872 2478 1156 2580 subtexunt
1180 2478 1356 2580 nubila
1379 2481 1594 2582 crolum:

362 2650 446 2753 Sic
470 2654 630 2790 igitur
654 2675 759 2751 tum
785 2690 837 2751 se
863 2653 985 2753 levis
1008 2692 1066 2754 ac
1092 2651 1326 2754 diffusilis
1350 2652 1512 2755 aetber

363 2823 590 2964 Corpore
614 2847 848 2926 concreto
871 2826 1212 2927 circumdatus
1239 2827 1466 2966 undiquc
1491 2828 1662 2966 sepsit,

361 2996 430 3099 Et
453 3000 554 3098 late
580 2997 794 3099 diffusus
818 3001 870 3098 in
893 3001 1088 3100 omneis
1113 3000 1344 3139 undiquc
1369 3003 1571 3139 parteis,

361 3170 551 3272 Omnia
574 3173 644 3273 sic
669 3171 816 3272 avido
842 3174 1111 3310 complexu
1136 3197 1321 3276 caetera
1345 3177 1516 3314 sepsit.

359 3344 516 3448 Hunc
540 3346 749 3447 exordia
772 3368 891 3446 sunt
915 3347 1033 3447 solis
1057 3347 1299 3485 lunaeque
1324 3369 1524 3469 secuta3

361 3517 503 3620 lnter
526 3542 771 3657 utrosque
794 3518 933 3657 globi
961 3557 1182 3658 quornm
1205 3542 1477 3621 vertuntur
1500 3523 1552 3622 in
1576 3526 1742 3626 auris:

357 3691 491 3813 Quae
510 3731 681 3832 neque
696 3715 835 3792 terra
851 3691 947 3792 sibi
966 3692 1192 3814 adscivit,
1208 3730 1380 3833 neque
1400 3698 1647 3797 maximos
1661 3696 1845 3821 aetber3

362 3864 517 3986 Quod
543 3905 638 3967 nec
661 3887 764 3965 tam
791 3863 982 3966 fuerint
1004 3869 1193 4005 gravia,
1221 3890 1279 3967 ut
1303 3867 1539 4004 depressa
1563 3870 1814 3991 sederent,

360 4039 415 4143 N
417 4080 476 4142 ec
499 4040 645 4159 levia,
671 4063 733 4140 ut
755 4061 964 4177 possent
986 4076 1081 4176 per
1102 4078 1323 4141 summas
1349 4039 1508 4141 labier
1531 4082 1673 4144 oras:

358 4214 428 4318 Et
449 4240 619 4316 tamen
644 4217 1046 4351 interutrosque
1071 4214 1142 4313 ita
1164 4236 1299 4331 sont,
1326 4235 1386 4315 ut
1407 4252 1620 4353 corpora
1644 4219 1757 4321 vira

353 4387 590 4507 versent,
616 4410 668 4487 et
691 4409 862 4524 partes
886 4408 945 4485 ut
968 4384 1146 4485 mundi
1171 4387 1328 4486 totins
1351 4409 1568 4490 exstent.

359 4562 513 4684 Quod
539 4599 702 4702 genus
727 4563 781 4661 in
804 4559 953 4661 nobis
975 4558 1211 4699 quaedam
1238 4559 1357 4659 licet
1381 4560 1433 4661 in
1460 4563 1675 4665 statione

356 4736 594 4839 Membra
611 4772 831 4855 manere,
849 4757 1019 4834 tamen
1036 4771 1155 4834 cum
1173 4734 1275 4833 sint
1286 4772 1365 4853 ea,
1384 4772 1504 4872 quac
1529 4760 1841 4841 moveantur.

424 4911 524 5015 His
547 4913 706 5050 igitur
726 4907 882 5011 rebus
904 4911 1150 5027 retractis,
1169 4928 1305 5008 terra
1327 4931 1555 5046 repente,
