4432 5984
690 360 1526 490 'EIBER’SE'CUNDUS
1795 396 1858 506 71

287 784 288 787 q
367 646 515 749 Hanc
540 648 692 750 variae
718 674 895 788 gentes
920 652 1296 808 antiquomore
1322 692 1576 759 sacrorum
1648 680 1651 685 ’

365 819 560 923 Idaeam
585 824 809 927 vocitant
831 851 1062 949 matrem,
1090 827 1446 971 Phrygiasque
1466 854 1688 935 catervas
1862 861 1864 867 ’

367 993 512 1097 Dant
536 999 760 1117 comites,
789 1001 912 1137 quia
934 1004 1158 1140 primum
1184 1042 1248 1103 ex
1274 1003 1372 1106 illis
1396 1005 1585 1108 finibus
1611 1006 1772 1107 edunt

363 1168 464 1272 Per
488 1195 738 1274 terrarum
759 1172 935 1275 orbem
958 1175 1132 1317 fruges
1157 1180 1364 1316 coepisse
1389 1183 1562 1281 creari.

366 1343 540 1448 Gallos
566 1347 869 1471 attribuunt,
896 1351 1020 1489 quia
1043 1389 1232 1452 numen
1258 1353 1349 1490 qui
1372 1355 1609 1455 violbrint

363 1515 564 1643 Matris
592 1545 643 1623 et
667 1523 854 1662 ingrati
879 1523 1198 1663 genitoribus
1219 1527 1411 1628 inventi
1436 1528 1552 1648 sint,

366 1691 664 1834 Significare
688 1697 1132 1837 voluntindignos
1156 1737 1263 1800 esse
1288 1701 1559 1837 putandos,
1670 1730 1673 1735 ’

360 1866 543 1972 Vivam
568 1875 867 2011 progeniem
895 1874 1063 2013 quiin
1089 1912 1201 1977 oras
1225 1875 1431 1978 luminis
1456 1876 1627 2013 edant.

359 2042 630 2184 Tympana
655 2069 798 2147 tenta
820 2069 1001 2149 tonant
1025 2050 1222 2187 palmis,
1249 2071 1302 2149 et
1326 2048 1560 2189 cymbala
1584 2052 1773 2154 circum

364 2216 613 2341 Concava,
640 2222 1010 2361 raucisonoque
1035 2225 1297 2324 minantur
1314 2262 1503 2327 cornua
1528 2250 1698 2350 cantu,

362 2391 432 2495 Et
457 2392 689 2535 Phrygio
714 2396 941 2498 stimulat
958 2435 1169 2499 numero
1194 2436 1315 2500 cava
1338 2395 1467 2499 tibia
1489 2403 1703 2504 menteis
1717 2444 1733 2528 ς

358 2566 588 2708 Telaque
612 2593 931 2709 praeportant
953 2572 1161 2673 violenti
1188 2573 1333 2711 signa
1356 2570 1557 2695 furoris,

361 2739 596 2883 Ingratos
623 2746 830 2867 animos,
859 2767 1014 2885 atque
1039 2748 1196 2884 impia
1221 2769 1428 2885 pectora
1450 2750 1587 2889 volgi

364 2916 675 3021 Contcrrere
698 2943 838 3022 metu
864 2958 982 3059 quae
1007 2921 1203 3061 possint
1227 2921 1435 3022 numine
1460 2923 1609 3030 divae.

429 3093 572 3233 Ergo
597 3133 752 3236 quom
778 3097 1002 3241 primum
1027 3131 1237 3232 magnas
1260 3096 1458 3197 invecta
1481 3135 1576 3237 per
1600 3098 1770 3205 urbeis

360 3265 635 3370 Munificat
657 3272 810 3371 tacita
833 3269 1088 3371 mortaleis
1113 3290 1254 3368 muta
1275 3268 1468 3396 salute;

358 3441 484 3543 AEre
503 3465 659 3582 atque
684 3465 897 3582 argento
922 3463 1156 3543 sternunt
1178 3442 1275 3542 iter
1298 3479 1446 3544 omne
1470 3447 1667 3548 viarum

361 3614 614 3756 Largifica
638 3619 768 3755 stipe
788 3617 1033 3737 ditantes·
1051 3616 1376 3755 ninguntque
1402 3656 1627 3722 rosarum

359 3791 610 3915 Floribus,
631 3793 925 3895 umbrantes
950 3815 1179 3914 matrem,
1205 3795 1550 3934 comitumque
1576 3822 1811 3902 catervas.

360 3967 461 4070 Htc
476 3983 668 4070 armata
692 4006 871 4071 manus
896 3965 1141 4104 (Curetas
1167 3970 1371 4069 nomine
1399 3965 1543 4108 Graji

360 4142 505 4266 Quos
529 4167 811 4246 memorant
835 4141 1115 4284 Phrygios)
1133 4147 1267 4246 inter
1291 4169 1344 4247 sc'
1369 4143 1499 4243 forte
1525 4165 1741 4253 catenas.

360 4316 591 4438 Ludunt,
618 4319 670 4420 in
690 4341 1063 4458 numerumque
1087 4320 1346 4421 exsultant
1369 4318 1616 4457 sanguine
1638 4319 1776 4444 sscti3
1803 4341 1856 4422 et

357 4492 624 4596 Terrificss
649 4496 873 4633 capitum
900 4494 1188 4634 quatientes
1213 4495 1423 4596 numine
1448 4494 1638 4614 cristas,

361 4666 585 4772 Dictaeos
610 4668 840 4771 referunt
865 4665 1109 4795 Curetas3
1145 4671 1238 4811 qui
1260 4667 1294 4773 J
1298 4670 1403 4773 ovis
1428 4669 1575 4769 illum
1627 4719 1633 4726 ·

358 4845 603 4985 Vagitum
628 4848 683 4949 in
709 4843 866 4948 Creta
889 4843 1149 4983 quondam
1173 4845 1450 4947 occultbsse
1473 4841 1730 4964 feruntur,

361 5017 534 5142 Quom
552 5020 700 5162 pueri
725 5021 916 5125 circum
940 5056 1157 5161 puerum
1182 5019 1388 5159 pernice
1412 5015 1595 5120 eborea
