4432 5984
721 387 991 478 LIBER
1051 383 1449 478 TERTIUS.
1759 377 1857 476 103

363 645 477 750 Nec
503 648 663 787 magis
690 688 717 750 e
743 649 910 786 parvis
928 669 1017 747 aut
1039 645 1251 749 laevibus
1277 686 1340 778 ex
1367 644 1643 764 elementis,

362 821 643 925 Sensiferos
665 846 833 925 motus
860 860 979 962 quae
1006 821 1141 921 didit
1163 822 1327 959 prima
1353 859 1447 959 per
1472 843 1627 963 artus.
1788 942 1791 949 Ι

362 994 534 1097 Prima
558 997 720 1098 cietur
738 997 874 1098 enim
899 995 1069 1132 parvis
1094 995 1320 1133 perfecta
1343 995 1537 1133 figuris,

361 1168 490 1271 Inde
516 1172 651 1272 calor
675 1194 861 1290 motus,
885 1192 938 1269 et
960 1172 1099 1271 venti
1125 1206 1259 1271 caeca
1283 1190 1505 1307 potestas

359 1345 590 1484 Accipit3
629 1345 747 1445 inde
772 1347 888 1467 ae'r3
926 1342 1047 1444 iude
1070 1345 1240 1445 omnia
1263 1341 1642 1445 mobilitantur:

358 1517 492 1622 Tum
520 1520 750 1661 quatitur
773 1519 995 1655 sanguis,
1020 1541 1131 1619 tum
1155 1519 1346 1620 viscera
1363 1519 1738 1653 persentiscunt

362 1693 584 1819 Omnia3
621 1716 875 1833 postremo
902 1694 1054 1796 datur
1076 1691 1272 1795 ossibus
1298 1713 1453 1829 atque
1477 1693 1712 1794 medullis
1834 1738 1841 1749 ·

361 1866 477 1969 Sive
501 1868 735 2006 voluptas
760 1890 852 1989 est,
879 1869 981 1971 sive
1007 1891 1084 1970 est
1108 1867 1388 1971 contrarius
1408 1864 1571 1967 ardor.

419 2040 534 2146 Nec
549 2063 736 2143 temere
751 2040 851 2143 huc
870 2042 1015 2145 dolor
1027 2080 1191 2183 usque
1206 2058 1372 2179 potest
1387 2060 1667 2174 penetrare,
1683 2077 1853 2178 neque

476 2255 611 2354 acre

359 2387 663 2490 Permanere
689 2389 894 2511 malum,
923 2391 1051 2529 quin
1075 2392 1244 2492 omnia
1267 2380 1663 2531 perturbentur}
1787 2446 1789 2451 ·

358 2560 540 2702 Usque
566 2563 692 2663 adeo
717 2585 775 2662 ut
798 2563 916 2666 vitae
942 2565 1073 2667 desit
1094 2567 1251 2687 locus,
1278 2588 1434 2705 atque
1455 2566 1642 2667 animai

361 2734 655 2875 Diffugient
677 2759 846 2875 partes
870 2775 966 2877 per
989 2739 1157 2840 caulas
1182 2739 1403 2878 corporis
1428 2741 1635 2842 omneis.

361 2912 464 3013 Sed
488 2913 792 3052 plerumque
816 2912 877 3013 fit
900 2912 954 3012 in
979 2948 1175 3013 summo
1200 2912 1345 3052 quasi
1365 2949 1573 3052 corpore
1598 2913 1714 3015 finis
1775 2974 1780 2981 ·

360 3080 609 3207 Motibus,
634 3085 765 3189 hanc
789 3086 983 3189 obrem
1006 3087 1162 3188 vitam
1187 3086 1404 3190 retinere
1427 3076 1668 3189 valemus.

430 3258 604 3380 Nunc,
632 3299 692 3361 ea
715 3298 819 3401 quo
844 3284 994 3400 pacto
1019 3261 1154 3360 inter
1177 3299 1282 3363 sese
1308 3264 1473 3381 mista,
1503 3258 1799 3400 quibusque

362 3431 526 3573 Cdpta
544 3436 706 3537 modis
729 3437 950 3575 vigeant,
984 3433 1232 3535 rationem
1257 3436 1472 3537 reddere
1499 3455 1734 3567 aventem

359 3605 625 3708 Abstrahit
648 3609 862 3712 invitum
886 3609 1039 3748 patrii
1065 3610 1306 3710 sermonis
1332 3630 1556 3748 egestas:

362 3780 464 3883 Sed
489 3805 675 3904 tamen,
696 3806 756 3885 ut
778 3806 957 3922 potero
982 3783 1271 3885 summatim
1296 3754 1561 3921 attingere,
1587 3803 1821 3918 tangam.

360 3953 504 4058 Inter
526 3958 661 4059 euim
687 3978 893 4059 cursant
916 3956 1193 4095 primordia
1214 3957 1582 4093 principiorum

362 4127 593 4232 Motibus
617 4130 751 4229 inter
773 4167 842 4250 se,
869 4126 998 4230 nihil
1026 4151 1086 4231 ut
1112 4130 1361 4230 secernier
1386 4164 1549 4229 unum

360 4298 541 4424 Possit,
568 4342 661 4405 nec
687 4305 851 4441 spatio
875 4303 987 4406 fieri
1013 4302 1170 4406 divisa
1189 4324 1442 4439 potestas:

361 4475 463 4577 Sed
489 4477 633 4617 quasi
658 4476 835 4580 multae
859 4477 933 4579 vis
958 4477 1108 4577 unius
1125 4478 1349 4615 corporis
1371 4494 1596 4576 exstant.

362 4649 520 4773 Quod
544 4689 706 4791 genus
730 4653 784 4754 in
810 4654 990 4793 quovis
1015 4653 1330 4754 animantum
1353 4650 1526 4754 visere
1549 4645 1714 4783 volgo

360 4825 457 4929 Est
478 4825 620 4949 odor,
646 4848 699 4926 et
715 4826 925 4966 quidam
949 4825 1101 4947 calor,
1127 4848 1179 4926 et
1202 4862 1382 4964 sapor:
1425 4843 1692 4924 ettamen
1717 4852 1780 4916 ex
1799 4811 1878 4915 his

363 4996 620 5106 Omnibus
643 4980 721 5102 est
745 5039 905 5108 unum
929 5001 1213 5144 perfectum
1237 4997 1482 5138 corporis
1510 5024 1754 5128 augmen.
1825 5102 1828 5109 ,
