4432 5984
363 122 434 227 56
679 134 741 223 Τ.
803 128 1232 225 ttcnn'rll
1293 124 1528 221 calu

359 392 585 497 Tantum
610 390 751 531 quod
776 428 978 491 momen
1003 409 1253 489 mutatum
1278 386 1452 487 dicere
1477 386 1687 525 possin.
1830 452 1833 457 -
1895 412 1898 417 ·

433 568 587 691 Quod
616 568 711 667 nisi
737 566 991 667 declinare
1015 562 1247 679 solerent,
1273 560 1445 659 omnia
1472 558 1761 683 deorsum,

364 742 549 845 Imbris
567 744 642 843 nti
668 764 846 879 guttae,
873 738 1111 839 caderent
1134 774 1227 874 per
1251 738 1398 836 inane
1422 736 1815 873 profundum-3·
1921 830 1929 867 Γ

364 918 480 1021 Nee
504 916 634 1017 foret
654 914 877 1015 offensus
899 935 1064 1031 natue,
1092 950 1183 1011 nec
1208 911 1360 1048 plaga
1382 932 1571 1013 creata
1649 980 1678 989 -·

364 1088 664 1227 Principiis:
704 1090 775 1189 ita
797 1088 868 1187 nit
895 1124 1120 1223 unquam
1145 1108 1326 1186 natura
1349 1084 1606 1185 creasset.

436 1264 592 1385 Quod
618 1266 658 1363 si
684 1262 815 1363 sorte
840 1261 1025 1399 aliquis
1050 1258 1210 1360 credit
1233 1259 1463 1395 graviora
1489 1284 1729 1395 potesse

366 1432 608 1575 Corpora,
636 1472 741 1573 quo
766 1436 914 1535 citius
939 1456 1129 1534 rectum
1155 1470 1248 1569 per
1273 1434 1420 1532 inane
1444 1430 1741 1561 femntnn

366 1608 597 1711 Incidere
623 1646 652 1707 e
676 1644 861 1745 supero
885 1604 1173 1723 levioribus,
1200 1628 1354 1742 atque
1373 1607 1442 1705 ita
1465 1606 1677 1749 plagas

366 1780 609 1923 Gignere,
637 1820 756 1921 quae
781 1784 975 1917 possint
995 1778 1257 1918 genitaleis
1281 1778 1493 1881 reddere
1518 1810 1767 1917 motus;

363 1956 525 2059 Arius
550 1993 580 2056 a
602 1992 721 2055 vera
746 1955 896 2091 longe
915 1954 1106 2052 ratione
1133 1950 1338 2051 recedit.

366 2126 504 2229 Nam
520 2165 619 2265 per
631 2164 789 2265 aquas
805 2162 1127 2267 quaecunque
1142 2126 1348 2246 cadunt,
1365 2148 1519 2266 atquc
1535 2134 1676 2236 aera
1690 2176 1891 2263 mmm,

367 2312 497 2415 Haec
520 2350 615 2451 pro
640 2309 953 2449 ponderibus
976 2346 1120 2410 casus
1143 2309 1361 2411 celerare
1385 2352 1594 2417 necesse
1624 2348 1739 2447 est,
1818 2340 1822 2345 ’

365 2484 657 2622 Propterea,
684 2486 807 2624 qnia
830 2521 1012 2623 corpus
1037 2522 1202 2624 aquae,
1224 2510 1506 2625 naturaque
1530 2498 1732 2599 tennis

363 2662 516 2761 Aeris
540 2658 675 2760 haud
702 2684 916 2798 possunt
940 2700 1088 2799 aeque
1113 2699 1218 2761 rem
1246 2695 1504 2797 quamque
1530 2672 1745 2773 morari
1768 2714 1809 2775 :¹

366 2830 470 2933 Sed
495 2834 643 2935 citius
667 2834 856 2934 cedunt
881 2832 1194 2971 gravioribus
1218 2858 1533 2968 exsuperata.

363 3007 437 3106 At
461 3030 637 3107 contra
661 3007 788 3107 nulli
815 3007 880 3106 de
905 3005 1047 3105 nulla
1070 3027 1230 3142 parte,
1258 3042 1427 3142 neque
1456 3008 1559 3108 ullo

364 3176 616 3317 Tempore
640 3182 790 3282 inane
813 3200 984 3319 potest
1005 3216 1220 3279 vacuum
1244 3182 1515 3285 subsistere
1533 3187 1648 3307 reii,
1695 3224 1722 3263 ··

367 3348 529 3471 Quin,
557 3392 647 3453 sua
672 3356 809 3491 quod
831 3380 1014 3457 natura
1037 3358 1182 3491 petit,
1209 3361 1484 3461 concedere
1508 3385 1743 3497 pergat:

368 3522 559 3625 Omnia
583 3527 1111 3665 quapropterdebent
1135 3533 1399 3667 perinane
1425 3535 1665 3671 quietum
1768 3560 1777 3571 '

367 3694 540 3832 AEque
565 3696 880 3833 ponderibus
906 3738 1004 3799 non
1031 3704 1193 3839 eequis
1219 3708 1413 3807 concita
1436 3705 1571 3807 ferri.
1649 3808 1652 3813 .

372 3866 526 3967 Haud
551 3870 708 4005 igitur
733 3893 976 4008 poterunt
998 3873 1517 3981 levioribus-incidere
1543 3908 1794 4024 unquam

371 4040 449 4141 Ex
477 4079 659 4179 supero
684 4046 930 4179 graviora,
955 4085 1124 4185 neque
1149 4050 1278 4150 ictus
1303 4054 1513 4191 gignere
1539 4095 1631 4193 per
1655 4096 1740 4183 se,
1835 4106 1847 4115 ·

370 4212 475 4331 Qui
500 4215 696 4313 varient
720 4242 903 4338 mutuo,
929 4257 1024 4357 per
1049 4262 1177 4360 quos
1203 4250 1385 4328 natura
1409 4250 1556 4367 gerat
1572 4258 1676 4335 res.
1735 4270 1740 4281 ·
1831 4220 1834 4225 ¹

440 4384 612 4505 Quare
621 4390 772 4487 etiam
791 4415 943 4531 atque
960 4395 1110 4495 etiam
1120 4400 1347 4533 paullum
1363 4404 1549 4505 clinare
1565 4443 1779 4512 necesse
1797 4444 1890 4537 est

372 4558 612 4695 Corpora,
639 4600 731 4662 nec
757 4565 872 4699 plus
898 4607 1051 4706 quam
1076 4572 1357 4694 minimum,
1377 4614 1441 4675 ne
1466 4576 1661 4716 fingere
1686 4608 1883 4695 motus

373 4728 627 4869 Obliquos
652 4734 931 4859 videamur,
959 4764 1011 4839 et
1035 4742 1087 4841 id
1114 4781 1191 4843 nes
1217 4784 1332 4846 vera
1355 4747 1557 4850 refutet.
