4432 5984
374 378 481 504 256
638 382 640 386 ’
720 390 795 478 n
850 384 1274 482 uucaurlr
1340 389 1558 485 cnm

379 650 600 768 Semina,
627 685 782 788 seque
809 647 958 748 simul
984 687 1101 749 cum
1126 686 1186 748 eo
1211 649 1526 750 commiscuit
1552 650 1691 789 igni3

378 823 672 929 insinuatus
698 823 767 922 ibi
795 845 973 923 vortex
997 844 1226 959 versatur
1250 823 1302 920 in
1327 823 1446 943 alto,

378 995 450 1099 Et
475 998 649 1098 calidis
676 998 813 1097 acuit
836 995 1031 1095 fulmen
1055 993 1344 1096 fornacibus
1370 997 1538 1098 intus:

381 1172 518 1275 Nam
547 1173 736 1310 duplici
764 1142 957 1276 ratione
984 1172 1293 1290 accenditur,
1311 1170 1427 1307 'ipse
1453 1210 1544 1271 sua
1570 1209 1685 1272 nam

380 1345 671 1449 Mobilitate
698 1347 914 1473 calescit,
942 1371 995 1448 et
1020 1387 1047 1447 e
1074 1343 1373 1482 contagibus
1398 1346 1547 1481 ignis,

381 1517 509 1619 Inde
537 1518 623 1619 ubi
640 1519 902 1656 ,percaluit
925 1522 999 1621 vis
1023 1519 1177 1639 venti,
1204 1520 1281 1620 vel
1308 1520 1475 1657 gravis
1499 1521 1630 1657 ignis
1708 1599 1713 1603 -
1741 1591 1744 1602 -
1867 1555 1871 1562 ’

381 1697 611 1838 Impetus
636 1699 865 1840 incessit3
904 1719 1158 1796 maturum
1184 1708 1294 1796 tum
1321 1695 1466 1834 quasi
1493 1692 1692 1795 fulmen

381 1870 667 1974 Perscindit
692 1869 860 1970 subito
886 1867 1091 1987 nubem,
1119 1868 1385 2008 ferturque
1413 1871 1631 1970 coruscis

383 2045 573 2147 Omnia
597 2043 876 2146 luminibus
902 2029 1121 2143 lustrans
1146 2044 1256 2144 loca
1281 2044 1506 2181 percitus
1533 2043 1711 2145 ardor:
1847 2061 1851 2066 ’

382 2217 549 2340 Quem
577 2219 743 2356 gravis
768 2218 1055 2353 insequitur
1080 2219 1288 2337 sonitus
1316 2217 1537 2354 displosa
1561 2240 1772 2356 repente

383 2395 693 2535 (lpprimere
720 2417 778 2494 ut
802 2393 911 2520 coeli
938 2392 1208 2493 videantur
1231 2394 1424 2529 templa
1450 2430 1683 2530 superne.

383 2570 511 2697 Inde
536 2593 726 2670 tremor
748 2592 907 2668 terras
932 2568 1153 2705 graviter
1177 2588 1452 2704 pertentat,
1480 2589 1532 2665 et
1556 2568 1715 2668 altum

383 2745 656 2851 Murmura
681 2765 988 2881 percurrunt
1007 2743 1219 2861 coelum3
1258 2779 1374 2839 nam
1400 2762 1508 2840 tota
1531 2741 1636 2841 fere
1662 2765 1772 2843 tum

380 2918 679 3056 Tempestas
705 2952 945 3017 concussa
970 2916 1155 3034 tremit,
1183 2915 1519 3051 fremitusque
1545 2941 1842 3024 moventur:

385 3093 504 3215 Quo
532 3092 593 3191 de
619 3126 864 3190 concussu
891 3087 1120 3224 sequitur
1145 3090 1309 3226 gravis
1336 3088 1514 3209 imber,
1542 3114 1593 3190 et
1617 3090 1761 3215 uber,

385 3268 569 3370 Omnis
594 3267 668 3365 uti
694 3264 927 3365 videatur
951 3264 1001 3361 in
1030 3262 1450 3392 imbremvertier
1474 3267 1651 3390 aether,

382 3440 557 3578 Atque
583 3440 656 3546 ita
678 3436 1002 3575 praecipitans
1027 3433 1092 3533 ad
1119 3435 1361 3539 diluviem
1387 3479 1634 3544 revocare.

290 3728 293 3732 ⁸
383 3613 580 3714 'santus
607 3611 817 3713 discidio
841 3606 1010 3728 nubis,
1036 3612 1278 3753 ventique
1303 3618 1542 3753 procella,
1711 3674 1712 3677 κ

388 3785 618 3916 Mittitur
643 3785 841 3923 ardenti
867 3784 1059 3885 sonitus
1087 3824 1242 3925 quom
1267 3791 1499 3928 provolat
1525 3793 1645 3893 ictu.

449 3959 554 4061 Est
579 3962 728 4060 etiarn
756 3997 913 4098 quom
938 3961 1012 4061 vis
1038 3964 1350 4065 extrinsecus
1375 3965 1529 4065 incita
1552 3968 1690 4065 venti
1744 3957 1752 3970 ⁰
1866 4010 1871 4019 ⁴

389 4134 578 4237 Incidit
604 4136 653 4234 iu
679 4134 898 4234 validam
923 4158 1122 4236 maturo
1148 4136 1360 4238 fulmine
1386 4136 1605 4263 nubem3

392 4309 561 4430 Quam
589 4347 743 4449 quom
770 4311 1028 4445 perscidit,
1056 4302 1313 4450 extemplo
1339 4314 1474 4414 cadit
1498 4315 1678 4451 igneus
1704 4316 1789 4416 ille

389 4487 602 4607 Vortex,
630 4488 768 4624 quod
796 4487 962 4625 patrio
986 4489 1263 4591 vocitamus
1288 4489 1491 4589 nomine
1517 4488 1742 4589 fulmen:

393 4660 506 4769 Hoc
532 4663 591 4764 fit
615 4665 751 4762 idem
776 4664 829 4763 in
854 4664 1041 4802 parteis
1067 4664 1204 4783 alias,
1232 4702 1540 4802 quocunque
1565 4665 1685 4765 tulit
1707 4668 1801 4770 vis.

464 4838 546 4939 Fit
571 4878 781 4976 quoque
806 4863 867 4940 ut
890 4840 1147 4941 interdum
1172 4841 1312 4940 venti
1334 4812 1582 4941 visinissa
1609 4841 1715 4941 sine
1740 4842 1883 4980 igni„

394 5016 630 5162 lgnescat
652 5039 821 5119 tamen
848 4981 902 5116 iri
928 5018 1106 5156 spati0,
1135 5016 1392 5157 longoque
1417 5039 1603 5137 meatu,
