4432 5984
746 242 1090 421 aliana.
1145 246 1493 402 saurus.
1572 396 1578 410 ,
1790 254 1896 410 nen
1972 375 1975 382 .

405 563 717 706 Corporibus
743 567 816 669 vis
840 587 931 687 est,
959 590 1010 668 et
1024 552 1244 669 'laevibus
1270 607 1334 668 ex
1360 550 1656 684 elementis,⁸

405 739 536 860 Quae
563 743 706 845 facile
732 742 1078 862 insinuantur,'
1095 765 1147 844 et
1168 743 1424 843 insinuata
1448 760 1658 877 repente

320 1005 325 1013 .
404 912 702 1018 Dissolvunt'
725 916 883 1017 nodos
907 916 1114 1032 omnem,
1141 914 1380 1016 etv-incia
1405 912 1650 1014 relaxant.

473 1092 867 1227 Auetumnnque
894 1090 1053 1225 magis
1079 1088 1236 1190 stellis
1261 1087 1577 1227 fulgentibus
1603 1087 1705 1188 alta
1854 1110 1859 1118 '

264 1377 272 1395 ι
406 1259 711 1364 Concutitur
728 1261 840 1362 coeli
865 1259 1043 1360 domus
1069 1230 1314 1400 undique,
1336 1279 1545 1401 totaque
1571 1263 1752 1384 tellus;

405 1433 473 1534 Et
499 1470 655 1572 quom
680 1454 908 1571 tempora
934 1469 985 1532 se
1004 1434 1134 1533 veris
1153 1434 1392 1533 florentia
1415 1434 1650 1573 pandunt
1669 1462 1680 1535 ι·

407 1603 613 1745 Frigore
638 1609 774 1708 enim
798 1605 986 1708 desunt
998 1590 1171 1743 ignes,
1198 1607 1441 1744 'ventique
1465 1607 1630 1707 calore
1705 1626 1708 1637 '

406 1776 684 1903 Deficiunt,
703 1809 871 1918 neque
891 1800 1011 1881 sunt
1032 1803 1136 1880 tam
1162 1782 1317 1884 denso
1343 1823 1551 1923 corpore
1575 1780 1752 1885 nubea.

406 1951 547 2054 Inter
573 1976 847 2091 utrumque
871 1955 1030 2092 igitur
1055 1991 1210 2092 quom
1236 1955 1347 2057 eoeli
1371 1980 1601 2097 tempora
1626 1977 1871 2076 constant,

403 2125 537 2227 Tum
563 2130 713 2229 variae
737 2164 902 2289 causae
928 2150 1237 2229 concurrunt
1261 2132 1487 2232 fulminis
1512 2167 1701 2232 omnes,

407 2297 461 2403 N
466 2339 545 2400 am
560 2298 730 2402 ‘fretus
755 2302 862 2439 ipse
888 2304 1008 2403 anni
1031 2302 1301 2439 permiscet
1326 2305 1487 2440 frigus
1513 2327 1565 2404 et
1590 2326 1801 2405 aestum:
1929 2423 1931 2426 y
1978 2290 1981 2296 ¹
2045 2352 2052 2364 ,

408 2471 640 2596 Quorum
677 2496 954 2616 utrumque
990 2516 1120 2618 opus
1157 2499 1234 2577 est
1257 2475 1553 2578 fabricanda
1587 2475 1649 2578 ad
1677 2465 1900 2577 fulmina·

546 2647 707 2768 nobie,
976 2669 980 2675 ’

408 2820 483 2924 Ut
508 2824 756 2924 discordia
781 2827 845 2926 sit
870 2841 1055 2947 rerum,
1079 2862 1368 2966 magnoque
1392 2801 1645 2923 tumultu
1767 2828 1771 2841 “

409 2991 621 3132 Ignibus
647 3019 698 3095 et
724 2999 882 3098 ventis
906 2996 1218 3101 furibundus
1242 3001 1456 3099 fluctuet
1479 2990 1581 3095 aer.
1677 3024 1682 3031 ·

408 3165 580 3267 Prima
605 3170 780 3269 caloris
805 3173 939 3272 enim
964 3191 1099 3310 pars,
1126 3190 1178 3274 et
1202 3193 1456 3310 postrema
1479 3166 1679 3305 liguria,

407 3340 632 3478 Tempus
657 3342 707 3440 id
735 3366 811 3442 est
835 3368 1074 3470 'vemum3
1113 3384 1271 3483 quare
1296 3341 1525 3482 p'ugn'are
1553 3379 1752 3443 neeesse
1777 3366 1854 3445 est

410 3512 692 3615 Dissimiles
718 3519 849 3616 inter
874 3555 925 3616 se
952 3553 1047 3637 res,
1074 3514 1386 3653 turbareque
1413 3506 1599 3633 mittas.

410 3684 479 3789 Et
504 3688 639 3788 calor
661 3680 917 3791 extremus
940 3693 1106 3827 primo
1132 3714 1248 3792 cum
1273 3688 1461 3828 frigore
1479 3691 1677 3789 ‘mistus‘
1749 3676 1752 3686 “
1848 3720 1852 3727 ·

408 3861 661 3982 Volvitur,
688 3866 947 3965 auctumni
973 3864 1113 4003 quod
1138 3863 1300 3964 fertur
1323 3851 1526 3964 nomine
1550 3885 1781 4000 tempus:
1809 3850 1815 3864 ’

411 4037 511 4140 Hic
538 4077 747 4177 quoque
769 4039 1058 4175 'confligunt
1081 4035 1271 4138 hiemes
1289 4031 1554 4136 'aestatibus
1579 4062 1731 4136 antes.
1808 4064 1812 4072 ’
1894 4056 1896 4060 ’

410 4192 688 4351 Propterea
701 4230 830 4314 'sunt
855 4209 963 4315 haec
989 4212 1125 4313 bella
1148 4212 1268 4314 anni
1293 4206 1642 4312 nominitanda
1657 4200 1678 4307 ¹:·

413 4384 465 4486 N
471 4423 526 4487 ec
553 4387 735 4486 mirum
758 4387 913 4486 ‘est-in
939 4350 999 4486 eo
1025 4364 1066 4486 a‘i
1090 4358 1319 4523 tempore
1342 4377 1566 4520 plur-ima
1590 4381 1721 4480 fiunt
1848 4413 1853 4421 ·

412 4557 661 4679 Fulmina,
687 4577 1061 4694 tempestasque
1084 4557 1247 4657 cietur
1270 4542 1478 4656 turbida
1502 4552 1642 4673 cuein,

411 4733 638 4872 Ancipiti
663 4713 903 4872 quoniam
930 4729 1065 4831 beilo'
1088 4729 1326 4831 turbatur
1348 4725 1607 4866 utrinque,

414 4906 552 5009 Hinc
575 4908 809 5027 flammls',
834 4875 1179 5024 illincve'ntisss·
1195 4902 1510 5043 humaneque
1533 4890 1714 5005 misto(
