4432 5984
364 280 435 391 72
682 288 743 375 T.
806 282 1241 376 LUCRETH
1304 284 1514 379 CARI

364 543 563 644 Armati
590 544 641 644 in
669 580 936 645 numerum
962 543 1227 681 pulsarent
1251 543 1439 647 aeribus
1462 584 1579 665 aera,

366 717 451 819 Ne
480 717 732 821 Saturnus
756 756 874 820 eum
901 718 1047 818 malis
1071 716 1337 819 mandaret
1360 720 1590 857 adeptus,

363 892 745 1033 AEternumque
771 893 916 993 daret
940 892 1091 993 matri
1116 890 1212 992 sub
1237 916 1442 1030 pectore
1466 895 1688 1018 voluus;
1717 978 1721 985 .

365 1066 645 1205 Propterea
668 1105 906 1208 magnam
932 1063 1111 1166 armati
1137 1088 1349 1166 matrem
1368 1070 1721 1171 comitantur:

363 1242 474 1343 Aut
499 1244 622 1380 quia
647 1243 936 1381 significant
959 1242 1128 1342 divam
1152 1242 1526 1378 praedicerent
1549 1244 1744 1366 armis,¹
1857 1356 1861 1361 ,

364 1419 442 1517 Αο
472 1420 658 1551 virtute
683 1419 844 1519 velint
867 1416 1084 1554 patriam
1112 1413 1386 1517 defendere
1409 1439 1624 1541 terram3

364 1588 715 1731 Praesidioque
734 1598 932 1731 parent,
960 1590 1232 1727 decorique
1256 1591 1555 1729 parentibus
1579 1630 1716 1695 esse.

436 1764 569 1886 Quae
596 1765 743 1886 bene,
772 1790 824 1868 et
849 1768 1034 1867 eximie
1056 1766 1286 1903 quamvis
1304 1766 1528 1905 disposta
1551 1766 1830 1891 ferantur,

363 1936 542 2079 Longe
568 1964 688 2042 sunt
711 1963 881 2042 tamen
908 1980 938 2043 a
961 1979 1081 2042 vera
1104 1942 1300 2040 ratione
1325 1941 1542 2076 repulsa.

434 2114 616 2218 Omnis
643 2120 778 2217 enim
804 2156 897 2255 per
922 2156 973 2217 se
993 2118 1160 2217 divdm
1185 2137 1368 2216 natura
1392 2152 1593 2260 necesse
1618 2138 1701 2216 est

363 2290 644 2394 Immortali
669 2331 778 2393 aevo
804 2330 1000 2393 summa
1024 2330 1141 2393 cum
1167 2328 1291 2427 pace
1316 2289 1533 2411 fruatur,
1663 2414 1671 2423 .

364 2466 571 2570 Sernota
594 2508 624 2569 a
649 2470 833 2569 nostris
854 2467 1023 2589 rebus,
1051 2467 1382 2604 sejunctaque
1401 2464 1582 2602 longe:

363 2642 502 2746 Nam
520 2646 717 2782 privata
742 2642 915 2742 dolore
939 2643 1095 2762 omni,
1121 2641 1318 2778 privata
1342 2640 1559 2775 periclis,
1667 2740 1671 2745 ,
1807 2738 1812 2747 .
1870 2736 1876 2747 .

362 2818 482 2958 Ipsa
506 2822 607 2921 suis
633 2802 831 2956 pollens
854 2818 1056 2956 opibus,
1081 2817 1219 2941 nihil
1235 2816 1411 2955 indiga
1434 2815 1609 2933 nostri,

364 2992 416 3094 N
422 3033 477 3094 ec
502 2992 632 3093 bene
653 2995 940 3131 promeritis
960 2998 1175 3131 capitur,
1202 3034 1295 3095 nec
1321 2996 1552 3131 tangitur
1577 2994 1665 3093 ira.

428 3165 588 3268 Terra
613 3164 820 3306 quidem
846 3205 965 3267 vero
990 3193 1128 3270 caret
1152 3171 1286 3269 omni
1315 3193 1544 3307 ternpore
1569 3206 1726 3271 sensu
1748 3210 1814 3275 ε’.
1856 3282 1860 3289 ,
1899 3280 1902 3285 ,
1968 3266 1971 3271 .

362 3340 463 3443 Sed
491 3342 612 3480 quia
637 3340 1133 3478 multarumpotitur
1155 3344 1432 3482 primordia
1457 3382 1643 3464 rerum,
1762 3434 1772 3457 „
1909 3456 1917 3473 ,

361 3513 532 3615 Multa
556 3513 718 3613 modis
744 3514 916 3613 multis
941 3515 1088 3619 effert
1113 3521 1379 3620 inlumina
1404 3521 1534 3621 solis.

363 3688 462 3788 lllc
482 3689 524 3787 si
549 3689 667 3826 quis
693 3723 830 3786 mare
859 3687 1186 3827 Neptunum,
1217 3691 1567 3830 Cereremque.
1582 3733 1774 3801 vocare
1824 3768 1830 3783 ·
1879 3790 1890 3807 .

364 3861 652 3963 Constituet
669 3860 875 3999 frugeis,
902 3865 1166 3968 etBacchi
1193 3869 1396 3967 nomine
1415 3867 1557 3977 abuti
1714 3968 1717 3979 ,

362 4034 559 4136 Mavult
585 4072 737 4172 quam
764 4034 926 4134 laticis
949 4041 1214 4176 proprium
1241 4040 1469 4178 prolerre
1491 4081 1736 4151 vocamen
1759 4056 1792 4153 ε’

366 4207 716 4309 Concedamus
742 4229 800 4306 ut
819 4204 902 4307 hic
926 4231 1172 4313 terrarum
1201 4214 1399 4315 dictitet
1423 4215 1601 4335 orbem
1765 4316 1769 4321 ,
1854 4324 1859 4331 ,

361 4380 484 4483 Esse
511 4381 659 4480 deum
687 4401 914 4501 matrem,
943 4384 1066 4484 dum
1092 4425 1145 4486 re
1171 4428 1274 4489 non
1300 4392 1364 4490 sit
1387 4414 1556 4491 tamen
1582 4429 1740 4529 apse.·
1778 4508 1785 4517 ,

431 4554 779 4693 Saepe‘itaque
798 4592 860 4653 ex
889 4596 991 4657 uno
1009 4560 1277 4696 tondentes
1291 4570 1523 4701 gramina
1546 4608 1732 4708 campo

361 4729 626 4869 Lanigerae
651 4730 872 4869 pecudes
897 4755 949 4831 et
972 4771 1219 4871 equorum
1246 4738 1464 4841 duellica
1488 4744 1673 4881 proles,

364 4904 697 5042 Buceriaeque
723 4942 903 5043 greges
929 4906 1024 5008 sub
1051 4909 1225 5012 eodem
1253 4917 1477 5052 tegmine
1503 4920 1632 5039 coeli,
1685 5022 1688 5027 ,
1738 5026 1767 5047 ,1
