4432 5984
361 254 431 359 66
673 266 735 357 Τ.
802 262 1242 358 LUCRETII
1306 263 1524 357 CARI

367 523 524 647 Quod
551 522 591 625 si
616 525 817 626 nonita
842 523 922 646 sit,
947 562 1150 667 rursum
1166 523 1275 663 jam
1300 522 1490 625 semina
1516 521 1759 661 quaedam

365 698 492 802 Esse
516 699 719 801 infinito
744 696 1008 800 debebunt
1031 702 1256 840 eorporis
1280 722 1449 802 auctu.

371 871 618 1013 Namque
641 875 693 974 in
720 874 899 975 eadem
919 913 1022 976 una
1040 874 1413 1014 quojusquojus
1438 871 1683 973 brevitate

371 1046 630 1185 Corporis,
656 1048 790 1148 inter
807 1087 860 1149 se
884 1049 1103 1149 multum
1123 1048 1316 1148 variare
1336 1047 1516 1186 figurae

368 1218 492 1322 Non
517 1241 761 1358 possunt:
800 1219 881 1321 fae
906 1223 1041 1323 enim
1067 1222 1288 1322 minimis
1311 1259 1339 1320 e
1365 1219 1596 1359 partibus
1619 1258 1726 1322 esse
1771 1304 1775 1317 .

370 1395 598 1535 Corpora
621 1396 790 1533 prima
811 1392 994 1515 tribus,
1013 1394 1092 1495 vel
1117 1395 1292 1532 paullo
1308 1391 1545 1533 pluribus
1568 1432 1723 1532 auge;

368 1567 575 1706 Nempe
601 1566 692 1669 ubi
711 1605 797 1668 eas
820 1568 1008 1705 parteis
1035 1569 1186 1668 unius
1210 1570 1435 1706 corporis
1459 1569 1668 1687 omneiS,

227 1750 232 1757 ’
369 1743 581 1845 Summa
605 1764 762 1881 atque
780 1743 883 1843 ima
898 1742 1086 1863 locans,
1111 1765 1455 1845 transmutans
1473 1744 1686 1845 dextera
1707 1742 1879 1864 laevis,

371 1918 698 2022 Omnimodis
721 1940 964 2055 expertus
987 1917 1103 2038 arie,
1130 1956 1284 2056 quam
1311 1919 1535 2060 quisque
1561 1920 1650 2021 det
1672 1918 1799 2021 ordo

369 2091 573 2197 Formai
599 2093 818 2230 speciem
844 2090 999 2190 totius
1024 2092 1249 2228 eorporis
1273 2091 1411 2229 ejus:

371 2267 529 2389 Quod
547 2285 793 2404 superest,
820 2266 861 2364 si
886 2262 1017 2365 forte
1039 2264 1177 2366 voles
1200 2266 1392 2368 variare
1418 2269 1623 2407 figuras,

368 2440 684 2545 Addendum
710 2439 900 2576 parteis
924 2438 1046 2538 alias
1063 2441 1191 2563 erit3
1228 2440 1348 2541 inde
1374 2466 1619 2582 sequetur

368 2614 607 2717 Adsimili
633 2612 828 2715 ratione
845 2612 985 2731 alias,
1007 2634 1067 2713 ut
1090 2613 1333 2750 postulet,
1360 2617 1503 2739 ordo,

370 2785 426 2889 Si
450 2811 508 2888 tu
529 2785 662 2888 sorte
686 2784 823 2885 voles
846 2786 999 2885 etiam
1024 2787 1216 2887 variare
1241 2787 1447 2925 figuras.

373 2959 515 3100 Ergo
533 2961 714 3063 formai
734 2962 1008 3060 novitatem
1034 2963 1257 3097 corporis
1277 3000 1493 3099 augmen

373 3135 748 3272 Subsequitur:
788 3169 947 3270 qnare
973 3171 1073 3233 non
1100 3157 1177 3235 est
1203 3159 1261 3236 ut
1286 3136 1490 3238 eredere
1515 3140 1693 3275 possis,

373 3309 498 3411 Esse
522 3308 736 3408 infinitis
763 3305 1002 3407 distantia
1026 3310 1217 3410 semina
1241 3311 1430 3432 formis,

374 3484 460 3590 Ne
488 3482 726 3622 quaedam
748 3518 900 3617 cogas
925 3483 1132 3585 immani
1158 3487 1470 3585 maximitate

374 3657 516 3779 Esse,
546 3694 702 3793 supra
726 3656 864 3795 quod
885 3655 994 3794 jam
1020 3658 1170 3760 docui
1197 3700 1298 3760 non
1325 3698 1470 3798 posse
1496 3658 1717 3798 probari.

443 3829 476 3932 J
482 3870 563 3932 am
588 3827 681 3931 tibi
711 3827 998 3931 Barbaricae
1022 3858 1200 3955 vesteS,
1228 3833 1574 3972 Meliboeaque
1597 3834 1803 3973 fulgens

295 3998 297 4003 Α
376 4003 615 4142 Purpura
637 4001 926 4105 Thessalico
946 4007 1252 4110 concharum
1277 4011 1435 4109 tincta
1459 4009 1641 4129 colore,
1668 4006 1721 4111 et

376 4180 549 4283 Aurea
568 4216 821 4316 pavonum
847 4177 1034 4278 ridenti
1052 4179 1250 4282 imbuta
1269 4183 1441 4320 lepore
1686 4164 1688 4168 ἱ

382 4352 545 4453 Saeela
567 4389 698 4451 novo
723 4386 894 4450 rerum
920 4378 1159 4490 superata
1182 4356 1347 4456 colore
1365 4357 1623 4493 jacerent:

378 4528 448 4632 Et
472 4550 791 4666 contemptus
818 4525 944 4629 odor
963 4528 1200 4666 myrrhae,
1220 4529 1488 4668 mellisque
1514 4568 1733 4668 sapores,

380 4702 450 4804 Et
473 4741 661 4841 cycnea
685 4706 829 4826 mele,
860 4706 1187 4844 Phoebeaque
1214 4702 1413 4804 daedala
1436 4703 1640 4806 chordis

382 4876 623 4981 Carmina
649 4883 895 4983 consimili
921 4883 1114 4982 ratione
1141 4913 1382 5015 oppressa
1405 4877 1625 4980 silerent.
