4432 5984
375 232 440 333 1¹6
692 248 751 333 Τ.
820 235 1249 335 LUCRETII
1313 242 1526 336 CARI

372 502 427 606 N
431 545 486 605 eu
511 534 647 604 mare
673 504 791 644 quae
816 506 1115 643 impendent
1139 543 1282 606 vesco
1307 505 1408 605 sale
1434 544 1554 607 saxa
1579 543 1773 644 peresa,

371 677 513 799 Quid
543 719 750 819 quoque
778 680 1012 778 amittant
1036 681 1088 778 in
1114 701 1357 815 ternpore,
1385 718 1588 781 cernere
1613 683 1793 819 possis·

369 850 684 990 Corporibus
710 854 853 952 caecis
877 854 1036 990 igitur
1058 875 1242 951 natura
1265 857 1398 990 gerit
1422 893 1516 956 res.

444 1026 496 1128 N
502 1066 558 1126 ec
584 1050 750 1127 tamen
778 1027 1009 1164 undique
1036 1064 1275 1163 corporea
1300 1028 1483 1164 stipata
1508 1051 1747 1130 tenentur

372 1195 561 1300 Omnia
585 1223 782 1318 natura,
810 1236 1030 1336 namque
1056 1220 1131 1298 est
1154 1201 1204 1298 in
1233 1198 1385 1299 rebus
1413 1196 1611 1302 rusus:

292 1354 295 1359 Ι
371 1370 527 1492 Quod
552 1375 647 1474 tibi
674 1377 910 1511 cogndsse
937 1375 988 1472 in
1016 1373 1187 1473 multis
1212 1373 1308 1472 erit
1333 1374 1457 1472 utile
1483 1373 1664 1500 rebus3

372 1545 486 1647 Nec
513 1550 642 1647 sinet
666 1570 916 1647 errantem
943 1547 1192 1666 dubitare,
1220 1570 1271 1647 et
1296 1586 1524 1685 quaerere
1549 1589 1748 1691 semper

369 1720 453 1823 De
479 1760 674 1823 summa
698 1759 885 1843 rerum,
908 1745 964 1823 et
987 1724 1169 1822 nostris
1197 1722 1424 1822 diffidere
1451 1724 1626 1827 dictis:

366 1896 699 2035 Quapropter
723 1896 863 1997 locus
883 1919 958 1995 est
982 1898 1217 2012 intactus
1246 1892 1421 2012 Inane,
1447 1933 1748 2039 vacansque.

449 2068 605 2190 Quod
633 2072 672 2170 si
699 2108 800 2169 non
828 2092 972 2187 esset,
998 2069 1141 2168 nulla
1166 2069 1358 2167 ratione
1384 2073 1571 2170 moveri

366 2244 468 2346 Res
493 2267 730 2382 possent3
768 2280 989 2380 namque
1014 2241 1253 2359 officium,
1281 2243 1420 2379 quod
1447 2249 1668 2382 eorporis
1693 2272 1847 2370 extat,

363 2418 604 2537 Officere,
632 2438 787 2555 atque
813 2413 1029 2533 obstare,
1055 2412 1107 2527 id
1132 2414 1187 2511 in
1209 2415 1601 2554 omnitempore
1628 2420 1823 2522 adesset

362 2589 653 2691 Omnibus:
693 2587 828 2688 haud
856 2590 1013 2725 igitur
1038 2586 1321 2724 quidquam
1346 2592 1619 2725 procedere
1644 2618 1829 2732 posset,

270 2732 280 2751 ³
365 2765 682 2901 Principium
698 2764 943 2901 »quoniam
968 2761 1180 2862 cedendi
1209 2763 1350 2863 nulla
1375 2761 1520 2862 daret
1544 2802 1636 2867 res.

364 2941 436 3040 At
461 2979 595 3039 nunc
620 2976 713 3076 per
737 2939 908 3056 maria,
934 2976 994 3036 ac
1017 2958 1192 3055 terras,
1222 2936 1539 3074 sublimaque
1564 2941 1692 3060 coeli,

366 3111 537 3212 Multa
563 3111 724 3210 modis
747 3111 918 3210 multis
940 3112 1079 3210 varia
1096 3111 1288 3209 ratione
1315 3113 1501 3212 moveri

277 3373 290 3392 .
368 3285 637 3388 Cernimus
663 3308 779 3384 ante
805 3287 975 3384 oculos
991 3327 1003 3408 ;
1044 3325 1176 3423 qnae,
1205 3288 1244 3385 si
1272 3313 1528 3390 nonesset
1555 3288 1731 3413 Inane,

366 3458 487 3559 Non
508 3482 612 3558 tam
638 3458 849 3557 sollicito
875 3481 1014 3559 motu
1034 3461 1227 3595 privata
1247 3487 1502 3588 carerent3

367 3632 535 3754 Quam
555 3633 727 3771 genita
747 3631 955 3730 omnino
979 3632 1117 3731 nulla
1138 3633 1330 3731 ratione
1349 3633 1589 3741 fuissent:

364 3805 610 3946 Undique
638 3808 868 3906 materies
888 3806 1126 3942 quoniam
1154 3807 1337 3942 stipata
1363 3811 1615 3945 quiesset..

432 3981 700 4102 Praeterea,
728 3980 956 4120 quamvis
978 3976 1154 4076 soiidae
1180 4017 1258 4077 res
1284 4017 1388 4079 esse
1406 4007 1667 4118 putentur,

359 4158 415 4260 H
420 4159 499 4257 inc
525 4181 691 4256 tamen
720 4192 823 4254 esse
844 4155 966 4253 iicet
991 4191 1103 4253 raro
1128 4193 1240 4255 cum
1270 4192 1477 4290 corpore
1503 4197 1703 4264 cernas:

360 4331 422 4432 In
449 4331 595 4448 saxis,
621 4366 678 4429 au
698 4328 948 4466 speluncis
972 4351 1234 4462 permanat
1258 4365 1504 4466 aquarum
1569 4389 1572 4394 ·

363 4502 613 4642 Liquidus
635 4500 830 4620 humor,
852 4523 903 4599 et
927 4498 1168 4600 uberibus
1192 4503 1319 4600 flent
1343 4505 1512 4603 omnia
1535 4509 1717 4642 guttis:

220 4669 225 4685 ’
361 4676 609 4812 Dissupat
627 4677 679 4775 in
706 4713 888 4813 corpus
914 4711 1019 4772 sese
1039 4672 1182 4773 cibus
1200 4712 1348 4773 omne
1374 4680 1711 4784 animantum:

360 4848 611 4949 Crescunt
629 4847 850 4967 arbusta,
871 4870 922 4947 et
940 4845 1089 4947 foetus
1108 4847 1159 4946 in
1180 4870 1406 4987 tempore
1424 4849 1663 4974 fundunt,
