4432 5984
361 369 466 469 me
529 480 530 484 ψ
683 377 761 466 rt·
809 324 1521 522 Lucunnircnur

417 646 566 768 ,Quae
592 647 688 748 nisi
705 649 909 786 respuis
933 684 999 746 ex
1023 624 1205 765 anim0,
1232 643 1746 783 longequeremittis,
1880 784 1883 791 Ι

365 818 480 922 Diis
504 821 715 959 indigna
737 820 984 958 putando,
1009 820 1277 958 alienaque
1301 819 1438 957 pacis
1455 856 1658 940 eorum,
1779 902 1781 907 .
1857 858 1859 863 ’

366 993 608 1095 Delibata
632 994 781 1095 debm
808 1017 975 1133 perte
1000 991 1094 1094 tibi
1119 995 1329 1091 numina
1352 1014 1542 1092 sancta·
1632 1071 1653 1111 ,.
1680 962 1691 1077 s
1805 963 1823 1061 .'

367 1167 515 1305 Saepe
541 1169 757 1268 aderunt
772 1210 787 1292 3
824 1206 926 1267 non
953 1165 1090 1305 quod
1120 1164 1293 1266 violari
1319 1163 1690 1296 summadebm
1714 1166 1792 1268 vis
1818 1156 1821 1161 ⁵

366 1339 545 1462 Possit,
573 1364 631 1442 nt
655 1358 716 1441 ex
741 1343 818 1441 ira
839 1350 1012 1478 poenas
1032 1362 1211 1478 petere
1235 1337 1450 1443 imbibat
1475 1340 1661 1442 acreis:
1703 1403 1707 1414 ·
1815 1336 1820 1347 ’

367 1510 469 1615 Sed
496 1515 618 1650 quia
640 1535 750 1612 tute
774 1513 869 1613 tibi
890 1479 1099 1650 placida
1118 1550 1235 1612 cum
1258 1550 1383 1649 pace
1410 1514 1609 1651 quietos
1683 1566 1729 1640 ..a
1754 1560 1761 1568 ⁴·
1815 1525 1849 1533 ”

266 1663 275 1674 .
369 1681 658 1787 Constitucs
683 1725 892 1826 magnos
917 1689 1103 1786 irarum
1127 1685 1324 1785 volvere
1350 1687 1616 1802 fluctus-t..
1674 1757 1689 1779 ψ,
1797 1685 1842 1743 ’·

367 1858 483 1962 Nec
510 1861 723 1962 delubra
748 1863 897 1962 deum
925 1862 1124 1999 placido
1150 1898 1265 1962 cum
1290 1883 1492 1997 pectore
1511 1859 1711 1964 adibis:
1731 1941 1748 1968 ,1

368 2032 498 2154 Nec,
526 2036 592 2135 de
616 2076 824 2174 corpore
852 2076 969 2176 quae
995 2059 1164 2137 sancto
1190 2034 1454 2135 simulacra
1477 2035 1729 2157 feruntur,

368 2207 432 2310 In
458 2213 668 2312 menteis
693 2197 955 2311 hominum
982 2212 1165 2312 divinae
1190 2210 1369 2309 nuntia
1393 2210 1586 2330 formae,

370 2383 635 2521 Suscipere
661 2383 770 2485 haec
796 2387 946 2484 animi
974 2385 1252 2523 tranquilla
1274 2423 1399 2522 pace
1424 2385 1644 2486 valebis:
1672 2512 1680 2519 ¹

369 2555 499 2658 Inde
523 2558 694 2659 videre
720 2534 852 2678 lieet,
882 2560 1046 2697 qualis
1063 2557 1171 2694 jam
1195 2559 1298 2658 vita
1316 2561 1578 2698 sequatur.
1686 2547 1689 2551 ⁸

371 2729 540 2851 Quam
568 2732 777 2869 quidem
804 2754 862 2830 ut
886 2771 914 2830 a
940 2730 1085 2830 nobis
1111 2734 1239 2833 ratio
1266 2734 1519 2833 verissima
1543 2734 1696 2873 longe

368 2906 604 3045 Rejiciat,
632 2944 940 3045 quamquam
970 2928 1088 3005 sunt
1112 2944 1141 3004 a
1164 2944 1243 3004 me
1271 2907 1429 3007 multa
1453 2909 1667 3045 profata,
1736 2907 1740 2913 ’

371 3079 543 3182 Multa
565 3103 732 3180 tamen
759 3101 964 3227 restant·
991 3102 1042 3178 et
1068 3102 1187 3180 sunt
1210 3080 1437 3180 ornanda
1460 3083 1645 3217 politis.

369 3254 630 3376 Versibus,
657 3278 708 3354 et
733 3256 858 3354 ratio
883 3255 1011 3372 coeli,
1040 3254 1335 3389 speciesque
1360 3255 1595 3356 tenenda.
1709 3291 1729 3334 -·

373 3429 506 3531 Sunt
528 3451 866 3566 tempestates,
892 3451 944 3527 et
962 3429 1183 3529 fulmina
1207 3428 1340 3528 clara
1364 3431 1604 3551 canenda,
1728 3510 1731 3514 .

374 3601 512 3722 Quid
541 3603 742 3721 faciant,
770 3624 822 3700 et
847 3608 951 3739 qua
976 3601 1039 3700 de
1066 3639 1214 3700 cansa
1239 3638 1461 3738 quaeque
1486 3602 1714 3704 ferantur
1732 3645 1750 3704 z·
1811 3596 1818 3688 ἷ

373 3776 707 3912 Netrepides
732 3776 843 3875 coeli
869 3774 1038 3876 divisis
1062 3774 1294 3911 partibus
1318 3814 1507 3896 amens,
1574 3856 1575 3860 a
1629 3859 1636 3866 .

373 3949 528 4055 Unde
555 3952 724 4051 volans
749 3951 880 4087 ignis
903 3950 1206 4086 pervenerit,
1234 3972 1323 4048 aut
1347 3952 1398 4048 in
1425 3973 1591 4050 utram
1617 3989 1698 4052 se·
1738 4033 1742 4038 .

370 4123 596 4227 Verterit
616 4123 736 4223 binc
761 4145 955 4258 partem
974 4162 986 4244 3
1026 4160 1129 4259 quo
1154 4149 1419 4262 pacto-per
1439 4126 1551 4226 <loca
1574 4153 1719 4266 septa

374 4295 666 4417 Insinudrit
686 4318 738 4395 et
762 4294 879 4395 hinc
906 4294 1191 4396 dominatus
1217 4321 1273 4397 ut
1298 4298 1541 4399 extulerit
1567 4294 1648 4404 se}
1776 4409 1777 4412 Ν
1807 4334 1811 4339 ’

376 4471 606 4592 Quorum
633 4509 843 4608 operum
869 4509 1040 4571 causas
1065 4472 1206 4570 nulla
1230 4475 1422 4572 ratione
1446 4469 1629 4574 videre
1687 4492 1689 4496 ’

375 4644 610 4765 Possunt,
638 4685 694 4744 ac
721 4646 830 4744 fieri
857 4644 1026 4746 divino
1052 4646 1258 4743 numine
1284 4669 1477 4748 rentur.
1540 4721 1545 4729 -

443 4818 524 4920 Tu
549 4818 672 4918 mihi
698 4857 946 4955 supremae
972 4828 1265 4972 praescripta
1291 4828 1354 4927 ad
1381 4816 1597 4929 candida
1621 4833 1770 4933 calcis

378 4990 615 5094 Currenti
641 4995 860 5133 spatium
885 5022 1230 5137 praemonstra,
1257 5000 1439 5101 callida
1466 5000 1633 5126 Musa,
1703 5054 1707 5061 ·
