4432 5984
405 385 506 478 aaa
724 384 784 474 v.
851 382 1288 475 uucnnru
1354 316 1568 473 cnut

408 643 617 781 Quippe
640 641 729 742 ubi
756 681 807 743 se
833 643 980 744 multi
1006 679 1100 779 per
1124 642 1316 742 somnia
1341 677 1475 779 saepe
1500 640 1783 779 loquentes¹

247 848 257 867 ’
406 825 515 922 Aut
538 819 714 920 morbo
740 819 1010 920 delirantes
1036 817 1278 952 procrdxe
1303 813 1549 933 ferantur,

376 5264 400 5427 t

411 994 480 1097 Et
504 997 663 1098 celata
688 996 776 1096 diu
801 995 851 1094 iu
880 990 1103 1091 medium
1127 1009 1331 1125 peccata
1357 987 1568 1088 dedisse.

481 1165 636 1270 Nunc
663 1166 780 1307 quae
800 1204 949 1303 causa
968 1167 1118 1265 dedm
1139 1202 1232 1301 per
1250 1199 1457 1300 magnas
1476 1161 1682 1262 numina
1701 1168 1898 1303 genteis

412 1342 739 1480 Pervolgarit,
766 1365 819 1442 et
842 1378 1039 1440 ararum
1067 1337 1393 1473 compleverit
1418 1334 1603 1455 urbeiS,

414 1514 849 1652 Suscipiendaque
878 1514 1066 1613 curarit
1090 1511 1332 1611 solemnia
1356 1546 1509 1629 sacra,

413 1687 546 1808 Quae
574 1726 710 1787 nunc
737 1688 788 1786 iu
815 1686 1009 1822 maguis
1035 1686 1219 1784 florent
1238 1720 1376 1782 sacra
1394 1681 1561 1803 rebus,
1588 1684 1843 1822 locisque:

412 1860 565 1965 Unde
590 1862 738 1959 etiam
768 1898 903 1960 nunc
930 1884 1006 1962 est
1030 1859 1324 1960 mortalibus
1350 1860 1528 1959 insitus
1553 1861 1745 1982 horror,

415 2033 520 2154 Qui
547 2031 760 2134 delubra
785 2033 935 2134 dedm
962 2074 1093 2135 nova
1118 2057 1223 2132 toto
1249 2034 1454 2132 suscitat
1477 2031 1587 2133 orbi

411 2208 699 2328 Terrarum,
726 2230 778 2307 et
801 2207 940 2309 festis
965 2211 1101 2346 cogit
1125 2206 1376 2307 celebrare
1404 2206 1611 2307 diebus:

414 2379 468 2483 N
471 2421 535 2482 on
564 2384 634 2482 ita
659 2382 861 2483 difficile
886 2403 962 2482 est
986 2380 1232 2480 rationem
1256 2379 1467 2478 reddere
1493 2380 1672 2485 verbiS.

483 2555 694 2695 Quippe
721 2557 906 2657 etenim
926 2556 1169 2692 jamtum
1196 2551 1363 2652 divdm
1389 2554 1620 2653 mortalia
1645 2556 1791 2656 saecla

415 2729 661 2869 Egregius
686 2731 852 2829 auimo
877 2729 1027 2827 facies
1052 2728 1292 2864 vigilante
1317 2725 1571 2847 videbant,

415 2901 485 3004 Et
510 2903 669 3040 magis
695 2904 747 3003 in
775 2903 959 3002 somnis
985 2899 1216 2999 mirando
1243 2901 1465 3034 corporis
1490 2924 1657 3004 auctu.

416 3076 512 3177 His
539 3079 696 3215 igitur
721 3108 922 3176 sensum
947 3073 1255 3192 tribuebant,
1283 3097 1552 3209 propterea
1576 3076 1714 3214 quod
1808 3152 1810 3157 -

279 3308 283 3316 ·
417 3247 655 3348 Membra
680 3269 878 3351 movere
903 3247 1223 3368 videbantur,
1249 3284 1497 3385 vocesque
1524 3248 1767 3384 superbas

421 3421 630 3523 Mittere
656 3462 747 3560 pro
773 3423 899 3524 facie
924 3421 1167 3559 praeclara
1192 3445 1243 3522 et
1266 3420 1456 3522 viribus
1481 3423 1675 3557 amplis,

335 3672 344 3683 .
416 3594 784 3732 AEternamque
811 3595 1001 3694 dabant
1025 3596 1194 3712 vitam,
1223 3597 1344 3733 quia
1369 3633 1566 3733 semper
1591 3636 1765 3698 eorum

419 3770 527 3906 Sup
537 3769 861 3906 peditabatur
886 3770 1051 3889 facieS,
1080 3793 1131 3870 et
1154 3770 1314 3869 forma
1339 3767 1590 3889 manebat,

421 3944 519 4077 (Et
544 3966 713 4044 manet
737 3944 968 4074 omnino)
994 3965 1045 4041 et
1070 3942 1208 4079 quod
1234 3943 1386 4041 tantis
1411 3942 1601 4044 viribus
1626 3969 1798 4048 auctos

423 4113 473 4216 N
479 4153 544 4214 on
571 4139 759 4214 temere
787 4114 890 4213 ulla
914 4117 960 4213 vi
988 4117 1214 4215 convinci
1239 4153 1384 4252 posse
1410 4117 1674 4254 putabant.

423 4287 760 4426 Fortunisque
786 4290 899 4387 ideo
926 4289 1076 4426 longe
1101 4312 1342 4426 praestare
1360 4291 1626 4426 putabant,

424 4459 579 4580 Quod
607 4438 778 4560 mortis
804 4463 954 4564 timor
972 4464 1106 4565 haud
1129 4504 1439 4606 quemquam
1459 4493 1663 4570 vexaret
1682 4509 1875 4594 eorum,

427 4634 495 4734 Et
521 4637 668 4734 simul
697 4638 748 4734 in
774 4640 958 4747 somnis
980 4642 1101 4778 quia
1126 4643 1285 4742 multa
1309 4665 1360 4742 et
1384 4643 1513 4751 mira
1535 4642 1776 4744 videbant

429 4807 656 4928 Efficere,
685 4832 736 4907 et
752 4811 954 4935 ¹nullum
985 4853 1162 4952 capere
1188 4819 1320 4954 ipsos
1347 4818 1464 4917 inde
1491 4815 1730 4922 laborem.

438 5128 441 5135 Ι
496 4980 763 5103 Praeterea,
791 4984 902 5084 coeli
927 4989 1143 5090 rationes
1171 4991 1347 5091 ordine
1374 5012 1527 5110 centu,
