4432 5984
1653 267 1666 310 Ι

720 401 990 492 LIBER
1044 394 1447 490 TERTIUS.
1598 482 1603 493 ,
1749 394 1848 506 117

363 657 447 759 Ire
471 658 606 760 foras
631 661 848 761 animam
874 659 1177 761 incolumem
1204 657 1267 758 de
1294 694 1501 795 corpore
1526 679 1651 778 toto,

361 829 475 933 Nec
499 835 643 972 prius
668 834 731 934 ad
750 835 1010 972 jugulum,
1037 856 1088 933 et
1112 869 1318 969 superas
1343 833 1609 934 succedere
1634 833 1842 956 fauceis,

358 1001 551 1107 Verum
577 1007 791 1110 deficere
816 1011 867 1108 in
895 1030 1032 1109 certa
1056 1008 1262 1144 regione
1287 1007 1532 1130 locatam3

358 1174 434 1281 Ut
457 1218 631 1281 sensus
656 1182 778 1284 alios
805 1186 854 1283 in
880 1184 1013 1319 parti
1039 1217 1299 1318 quemque
1325 1217 1416 1279 sua
1440 1181 1533 1279 scit

359 1350 610 1454 Dissolvi:
650 1355 787 1493 quod
817 1357 857 1456 si
882 1356 1175 1455 immortalis
1201 1377 1371 1454 nostra
1394 1354 1525 1455 foret
1550 1393 1707 1477 mens,

362 1525 484 1630 Non
502 1529 610 1666 jam
637 1568 688 1631 se
715 1531 932 1631 moriens
958 1527 1159 1630 dissolvi
1184 1551 1609 1666 conquereretur3

360 1701 462 1802 Sed
488 1707 647 1841 magis
671 1707 743 1804 ire
769 1704 917 1823 foras,
937 1726 1230 1841 vestemque
1248 1703 1552 1841 relinquere,
1574 1727 1632 1804 ut
1646 1709 1843 1846 anguis

362 1874 637 1998 Gauderet,
663 1878 925 2017 praelonga
949 1913 1103 1976 senex
1127 1897 1215 1975 aut
1232 1914 1421 1975 cornua
1444 1913 1634 1980 cervus.

429 2049 671 2190 Denique
697 2088 788 2152 our
813 2052 966 2150 animi
990 2087 1256 2188 nunqnam
1281 2086 1423 2149 mens
1441 2050 1808 2190 consiliumque

361 2221 604 2363 Gignitur
629 2224 881 2361 incapite,
902 2221 1583 2359 autpedibuS,manibusve;
1621 2224 1707 2324 sed
1732 2228 1843 2328 unis

360 2396 594 2520 Sedibus,
621 2420 674 2498 et
697 2400 846 2499 certis
870 2395 1164 2537 regionibus
1187 2397 1348 2495 omnis
1374 2393 1617 2497 inhaeret:

359 2569 541 2673 Sinon
567 2595 703 2673 certa
726 2574 836 2674 loca
859 2573 922 2672 ad
949 2569 1255 2672 nascendum
1281 2568 1481 2670 reddita
1507 2571 1732 2710 quoique

359 2743 507 2867 Sunt,
536 2768 586 2846 et
611 2744 699 2847 ubi
725 2744 977 2885 quidquid
1007 2745 1165 2882 possit
1189 2744 1372 2844 durare
1397 2766 1653 2868 creatum3

356 2917 532 3059 Atque
557 2922 628 3020 ita
651 2920 963 3021 multimodis
987 2957 1083 3058 pro
1107 2919 1227 3016 totis
1251 2914 1462 3041 artubus
1487 2954 1610 3038 esse,

358 3086 710 3193 Membrorum
734 3117 795 3194 ut
812 3133 1077 3234 nunquam
1096 3091 1302 3190 exsistat
1325 3113 1665 3227 praeposterus
1678 3090 1803 3193 ordo
1820 3095 1839 3194 l

357 3263 538 3405 Usque
562 3267 688 3368 adeo
712 3269 944 3405 sequitur
967 3306 1046 3367 res
1071 3301 1195 3381 rem,
1216 3301 1384 3401 neque
1400 3264 1603 3364 flamma
1617 3264 1774 3366 creari
1788 3266 1841 3366 in

359 3437 850 3543 Fluminibussolita
873 3464 967 3564 est,
995 3476 1162 3579 neque
1187 3438 1238 3536 iu
1266 3437 1371 3573 igni
1397 3439 1599 3574 gignier
1622 3439 1781 3577 algor.

428 3610 696 3734 Praeterea,
723 3616 764 3714 si
789 3616 1084 3716 immortalis
1102 3632 1283 3710 natura
1307 3611 1493 3711 animai
1518 3633 1609 3734 est,

359 3782 429 3884 Et
452 3787 637 3888 sentire
661 3810 831 3924 potest
854 3811 1043 3889 secreta
1066 3826 1097 3887 a
1119 3820 1328 3921 corpore
1353 3807 1554 3909 nostro3

359 3954 606 4098 Quinque
649 3964 737 4095 (ut
758 3962 965 4099 opinor)
1007 3998 1119 4061 eam
1151 3957 1446 4059 faciundum
1489 3982 1567 4060 est
1613 3960 1841 4064 sensibus

499 4156 726 4235 auctam:

361 4304 474 4409 Neo
499 4309 691 4409 ratione
711 4307 810 4407 alia
832 4327 1030 4407 nosmet
1052 4343 1335 4444 proponere
1359 4305 1506 4409 nobis

359 4477 632 4581 Possumus
655 4478 875 4581 infernas
900 4481 1090 4581 animas
1113 4476 1406 4580 Acherunte
1429 4518 1630 4620 vagore.

360 4651 586 4756 Pictorcs
608 4653 799 4793 itaque,
824 4676 878 4754 et
900 4655 1200 4792 scriptorum
1225 4651 1371 4752 saecla
1393 4655 1566 4789 priora

276 4836 281 4849 '
361 4824 446 4928 Sic
470 4827 659 4928 animas
683 4827 1077 4930 introduxerunt
1099 4828 1328 4930 sensibus
1352 4849 1538 4931 auctas.

359 5001 432 5104 At
454 5040 624 5145 neque
647 5040 871 5106 seorsum
894 5005 1045 5128 oculi,
1063 5037 1233 5146 neque
1251 5038 1413 5125 nares,
1431 5040 1526 5106 neo
1538 5040 1718 5110 manus
1730 5001 1843 5146 ipsa
