4432 5984
428 357 532 459 ΜΘ
803 368 862 455 Τ.
915 363 1352 457 LUCRETII
1418 361 1632 455 CARI

432 626 563 731 Inde
583 623 879 727 Autumnus
904 625 1012 726 adit
1027 666 1042 747 ;
1079 624 1316 764 graditur
1340 624 1486 724 simul
1519 620 1681 724 Euius
1707 620 1884 724 Euan:

431 802 562 905 Inde
589 803 700 902 aliae
725 823 1052 938 tempestates
1077 799 1319 938 ventique
1344 821 1647 938 sequuntur,

430 977 721 1078 Altitonans
741 973 1037 1094 Volturnus,
1065 996 1117 1073 et
1141 972 1329 1076 Auster
1351 974 1565 1077 fulmine
1590 975 1819 1114 pollens:

430 1150 661 1251 Tandem
692 1148 882 1249 Bruma
909 1152 1066 1253 niveis
1093 1151 1276 1273 adfert,
1304 1155 1614 1292 pigrumque
1640 1152 1883 1291 rigorem,

432 1326 641 1445 Reddit,
662 1324 857 1464 Hyems
873 1328 1122 1463 sequitur,
1143 1327 1395 1463 crepitans
1415 1366 1472 1429 ac
1491 1326 1730 1441 dentibus
1744 1325 1924 1466 Algos.

435 1497 554 1618 Quo
581 1500 747 1599 minus
772 1520 848 1597 est
873 1501 1073 1620 mirum,
1101 1502 1140 1599 si
1167 1524 1304 1601 certo
1329 1525 1557 1642 tempore
1581 1503 1703 1604 luna

434 1671 695 1811 Gignitur,
722 1694 774 1771 et
798 1696 934 1773 certo
961 1675 1159 1776 deletur
1183 1698 1409 1813 tempore
1436 1716 1626 1797 rursus,

435 1848 608 1969 Quom
635 1850 745 1949 fieri
774 1850 968 1986 possint
992 1820 1094 1949 tam
1122 1876 1258 1953 certo
1284 1877 1511 1991 tempore
1538 1854 1713 1955 multa.

504 2024 634 2125 Solis
660 2024 780 2123 item
808 2061 1017 2162 qnoque
1044 2024 1286 2148 defectus,
1314 2030 1555 2168 lunaeque
1579 2029 1812 2152 latebras,

434 2198 674 2301 Pluribus
701 2239 728 2299 e
754 2199 914 2298 causis
940 2197 1048 2297 fieri
1076 2199 1168 2299 tibi
1195 2240 1339 2339 posse
1365 2206 1649 2342 putandum
1677 2230 1767 2306 est.

434 2376 570 2479 Nam
599 2412 691 2475 cur
715 2374 837 2474 luna
863 2384 1018 2512 queat
1042 2398 1227 2476 terram
1254 2380 1512 2480 secludere
1538 2383 1654 2481 solis

435 2550 669 2668 Lumine,
696 2571 748 2648 et
772 2586 802 2647 a
825 2550 982 2681 terris
996 2550 1152 2649 altum
1179 2574 1333 2688 caput
1356 2552 1619 2654 obstruere
1644 2554 1727 2692 eji,

433 2726 698 2865 (lbjiciens
722 2764 910 2827 caecum
938 2725 1091 2826 radiis
1116 2725 1413 2826 ardentibus
1434 2725 1638 2828 orbem:

430 2898 685 3039 Tempore
711 2901 889 3000 eodem
915 2900 1054 3000 aliud
1080 2899 1243 3000 facere
1269 2900 1318 2999 id
1349 2939 1449 2999 non
1476 2939 1621 3037 posse
1647 2924 1860 3038 putetur

435 3078 651 3215 Corpus,
680 3048 817 3216 quo⁰d
846 3114 1040 3177 cassum
1066 3075 1268 3176 labatur
1292 3074 1482 3173 lumine
1507 3079 1736 3212 semperl

432 3252 625 3393 Solque
650 3291 765 3352 snos
791 3252 942 3351 etiam
970 3251 1222 3351 dimittere
1246 3249 1521 3387 languidus
1546 3250 1708 3388 igneis

429 3423 681 3563 Tempore
706 3463 799 3526 cur
822 3448 960 3525 certo
987 3449 1224 3563 nequeat,
1253 3461 1580 3563 recreareque
1606 3425 1796 3545 lumen,

433 3598 602 3719 Quom
629 3603 737 3701 loca
763 3599 1011 3739 praeteriit
1028 3598 1244 3698 flammis
1270 3596 1452 3697 infesta
1478 3635 1570 3734 per
1595 3636 1758 3717 auras,

434 3772 566 3894 Quae
586 3774 779 3875 faciunt
798 3774 959 3911 igneis
985 3772 1311 3909 interstingui
1337 3793 1491 3907 atque
1518 3772 1714 3908 perire?

435 3950 502 4049 Et
526 3989 617 4050 cur
640 3973 773 4048 terra
801 3970 955 4086 queat
980 3948 1153 4047 lunam
1180 3947 1394 4084 spoliare
1418 3947 1633 4048 vicissim

435 4124 668 4245 Lumine,
689 4148 742 4223 et
765 4161 1067 4261 oppressum
1095 4124 1250 4223 solem
1275 4161 1430 4259 super
1455 4124 1562 4259 ipsa
1587 4144 1776 4242 tenere,

433 4297 705 4399 Menstrua
731 4296 854 4396 dum
880 4296 1069 4434 rigidas
1095 4298 1207 4397 coni
1234 4295 1516 4435 perlabitur
1535 4294 1770 4398 umbras:

429 4470 680 4610 Tempore
707 4469 886 4570 eodem
912 4470 1050 4570 aliud
1077 4494 1300 4610 nequeat
1318 4507 1610 4572 succurrere
1636 4469 1772 4571 lunae

433 4647 649 4783 Corpus,
676 4643 755 4741 vel
782 4680 965 4779 supera
990 4645 1105 4744 solis
1131 4644 1385 4783 perlabier
1402 4645 1595 4766 orbem,

432 4820 583 4939 Quod
615 4817 778 4918 radios
805 4819 1156 4956 interrumpat,
1185 4822 1461 4960 lumenque
1488 4822 1784 4959 profusum?

432 4993 501 5094 Et
525 5017 691 5093 tamen
721 4994 830 5131 ipsa
855 5031 945 5095 suo
970 4995 1011 5095 sl
1035 4993 1190 5133 fulgit
1207 4996 1329 5097 luna
1347 4999 1527 5119 nitore,
