4432 5984
739 406 1012 524 LIBER
1076 400 1502 495 QUARTUS.
1756 392 1851 491 145

360 657 428 761 Et
452 665 596 799 quasi
621 701 917 801 permanare
943 699 1036 801 per
1059 663 1188 762 aeris
1211 661 1549 761 intervallum.

427 834 693 959 Praeterea,
720 841 778 958 si,
806 874 922 975 quae
947 838 1152 973 penitus
1178 834 1481 972 corpuscula
1507 872 1677 934 rerum
1802 851 1805 854 ’

361 1005 439 1108 Ex
465 1012 566 1111 alto
592 1014 643 1112 in
669 1036 826 1113 terras
852 1014 1140 1130 mittuntur,
1166 1012 1282 1110 solis
1308 1011 1384 1111 uti
1410 1010 1502 1108 lux

359 1181 433 1283 Ac
458 1222 627 1321 vapor,
654 1184 764 1288 haec
789 1207 980 1324 puncto
1006 1207 1284 1285 cernuntur
1306 1184 1449 1319 lapsa
1474 1182 1575 1282 diei

205 1381 219 1397 ·
360 1352 460 1455 Per
483 1380 643 1458 totum
672 1361 780 1462 coeli
807 1361 1028 1497 spatium
1056 1357 1342 1458 diffundere
1368 1393 1505 1477 sese3

360 1526 559 1670 Perque
584 1535 751 1634 volare
777 1572 929 1653 mare,
957 1572 1013 1635 ac
1038 1555 1212 1652 terras,
1239 1531 1525 1669 coelumque
1550 1530 1715 1665 rigare

363 1703 513 1825 Quod
532 1746 711 1845 supera
728 1731 825 1831 est;
845 1705 933 1807 ubi
949 1730 1054 1807 tam
1069 1709 1147 1807 vol
1155 1703 1585 1807 ncrihaeclevitate
1598 1704 1849 1806 feruntur:

362 1877 533 1998 Quid?
570 1921 686 2019 quae
713 1904 833 1982 sunt
855 1882 1012 2019 igitur
1028 1881 1137 2018 jam
1160 1881 1327 2018 prima
1351 1880 1401 1977 in
1428 1877 1594 1978 fronte
1619 1867 1796 2015 parata

362 2051 490 2154 Cum
509 2054 787 2191 jaciuntur,
814 2079 867 2157 et
890 2059 1126 2156 emissum
1152 2092 1230 2154 res
1255 2053 1397 2153 nulla
1424 2075 1664 2174 moratur,

368 2222 553 2326 Nonne
579 2229 718 2328 vides
742 2232 888 2329 citius
915 2228 1116 2348 debere,
1144 2251 1196 2328 et
1219 2228 1421 2365 longius
1446 2227 1548 2327 ire:

363 2396 743 2540 Multiplexque
768 2403 864 2504 loci
892 2405 1112 2540 spatium
1136 2425 1479 2503 transcurrere
1504 2401 1689 2503 eodem

360 2570 625 2712 Tempore,
653 2614 758 2712 quo
785 2578 900 2676 solis
925 2576 1224 2714 pervolgant
1249 2576 1442 2676 lumina
1466 2576 1681 2678 coelum?

431 2746 542 2848 Hoc
566 2751 717 2848 etiam
744 2751 795 2849 in
820 2750 996 2887 primis
1020 2752 1277 2887 specimen
1303 2789 1479 2851 verum
1505 2789 1611 2850 esse
1635 2752 1854 2877 videtur,

364 2917 530 3039 Quam
557 2924 705 3023 celeri
732 2947 872 3024 motu
896 2962 1066 3024 rerum
1092 2925 1358 3025 simulacra
1387 2923 1629 3046 ferantur,

365 3091 515 3212 Quod
544 3098 692 3196 simul
718 3135 775 3197 ac
800 3099 1023 3235 primum
1051 3098 1144 3198 sub
1171 3100 1286 3199 divo
1311 3100 1552 3237 splendor
1577 3111 1729 3240 aquai

361 3264 588 3386 Ponitur,
615 3271 890 3407 extemplo,
917 3272 1043 3371 coelo
1069 3273 1316 3392 stellante,
1344 3311 1520 3374 serena

363 3437 539 3538 Sidera
563 3444 873 3578 respondent
898 3445 950 3545 in
978 3484 1112 3583 aqua
1136 3445 1382 3547 radiantia
1408 3451 1602 3552 mundi.

358 3609 540 3711 Jamne
565 3614 703 3714 vides
728 3617 904 3752 igitur,
933 3657 1088 3758 quam
1114 3642 1305 3755 puncto
1330 3644 1559 3759 tempore
1586 3627 1755 3766 imago

359 3784 585 3886 AEtheris
609 3826 673 3886 ex
697 3791 798 3889 oris
825 3791 890 3892 ad
918 3817 1169 3894 terrarum
1198 3796 1392 3896 accidat
1415 3803 1559 3899 orasl

415 3955 585 4078 Quare
597 3963 745 4061 etiam
757 3984 916 4102 atque
929 3969 1083 4067 etiam
1095 3970 1222 4069 mitti
1237 3968 1344 4071 haec
1354 3969 1541 4072 fateare
1556 4014 1759 4077 necesse
1778 4002 1855 4079 est

361 4128 601 4266 Corpora,
629 4173 745 4271 quae
770 4135 958 4239 feriant
984 4144 1174 4261 oculos,
1200 4145 1466 4283 risumque
1491 4149 1763 4254 lacessant:

361 4299 714 4444 Perpetuoque
741 4311 916 4413 fluunt
941 4318 1090 4416 certis
1116 4315 1179 4416 ab
1206 4317 1358 4419 rebus
1382 4319 1562 4422 odores
1576 4364 1592 4448 ;

358 4475 538 4613 Frigus
562 4501 621 4578 ut
645 4520 675 4579 a
699 4482 887 4606 fluviis,
915 4490 1053 4589 calor
1078 4528 1109 4589 a
1132 4493 1251 4612 sole,
1279 4516 1431 4595 aestus
1455 4496 1520 4596 ab
1547 4501 1698 4601 undis

357 4648 614 4784 AEquoris,
641 4690 819 4756 exesor
844 4697 1120 4765 moerorum
1147 4667 1293 4767 litora
1317 4671 1536 4772 circum:

356 4819 475 4923 Nec
497 4822 643 4923 variae
667 4855 868 4933 cessant
890 4874 1039 4940 voces
1065 4842 1272 4943 volitare
1295 4881 1389 4980 per
1412 4884 1587 4949 auras:

356 4991 597 5131 Denique
620 4996 672 5097 in
697 5037 753 5102 os
779 5007 898 5109 salsi
924 5016 1067 5115 venit
1085 5018 1270 5119 humor
1293 5057 1429 5159 saepe
1452 5025 1659 5161 saporis,

1097 5203 1118 5243 tt
