4432 5984
439 332 505 422 aa
767 331 827 418 r.
894 325 1323 451 tucunrrr
1386 331 1599 426 cnut

441 589 545 691 Sed
569 588 817 726 magisut
842 588 1027 687 merito
1053 591 1211 725 possis
1236 616 1418 693 eventa
1439 632 1618 697 vocare

441 761 744 903 Corporum,
770 783 927 901 atque
950 761 1065 883 loci,
1091 801 1171 868 res
1197 766 1250 867 in
1276 805 1381 905 quo
1406 806 1630 910 quaeque
1654 792 1922 912 gerantur.

511 937 741 1076 Corpora
765 957 886 1037 sunt
909 971 1062 1070 porro
1086 941 1273 1074 partim
1299 942 1578 1077 primordia
1600 985 1790 1072 rerum,

439 1115 635 1218 Partim
661 1113 872 1215 concilio
898 1148 1017 1248 quae
1041 1136 1275 1214 constant
1297 1116 1683 1253 principiorum.

442 1289 541 1392 Sed
571 1329 691 1430 quae
716 1310 837 1389 sunt
860 1320 1032 1384 rerum
1057 1287 1351 1421 primordia,
1379 1290 1521 1389 nulla
1543 1318 1713 1428 potest
1735 1300 1810 1399 vis

442 1469 736 1605 Stringere3
776 1499 894 1563 narn
920 1457 1080 1561 solido
1103 1463 1317 1562 vincunt
1341 1499 1401 1560 ea
1425 1501 1636 1602 corpore
1660 1469 1894 1574 demum:

438 1638 509 1742 Et
533 1641 573 1740 si
599 1639 802 1739 difficile
827 1678 935 1742 esse
959 1638 1163 1740 videtur
1185 1637 1392 1738 credere
1417 1640 1703 1782 quidquam

422 1811 505 1914 ¹ln
519 1812 683 1914 'rebus
709 1813 869 1913 solido
893 1810 1107 1948 reperiri
1132 1847 1341 1947 corpore
1364 1798 1543 1950 posse3

439 1986 648 2091 Transit
672 1988 808 2087 enim
833 1986 1030 2088 fulmen
1054 1983 1168 2084 ooeli
1191 2020 1286 2120 per
1310 2007 1454 2121 septa
1478 1988 1762 2112 domorum,

445 2158 653 2263 Clamor
675 2183 751 2280 ut,
779 2198 836 2262 ac
860 2197 1036 2263 voces:
1076 2158 1270 2258 sermm
1295 2159 1552 2262 candescit
1575 2164 1627 2263 in
1653 2165 1805 2303 igne:

443 2336 824 2476 Dissiliuntque
848 2336 957 2436 fero
981 2334 1197 2433 ferventi
1224 2369 1344 2432 saxa
1368 2371 1575 2471 vapore:

443 2509 890 2612 Conlabefactatus
914 2513 1056 2649 rigor
1078 2510 1188 2610 auri
1215 2509 1426 2610 solvitur
1451 2535 1601 2613 aestu:

289 2678 291 2684 ⁸
438 2685 574 2787 Tum
599 2686 784 2824 glacies
810 2686 924 2786 aeris
948 2687 1153 2785 flamma
1177 2683 1376 2783 devicta
1399 2683 1658 2822 liquescit:

440 2858 714 2961 Permanet
737 2860 873 2961 calor
898 2859 1184 2996 argentum,
1206 2859 1577 2999 penetraleque
1602 2860 1781 3000 frigus,

441 3032 663 3154 Quando
688 3056 986 3171 utrumque,
1012 3072 1167 3133 manu
1193 3034 1471 3134 retinentes
1496 3036 1680 3170 pocula
1703 3040 1815 3159 rite,

440 3206 717 3327 Sensimus,
743 3206 912 3306 infuso
935 3207 1263 3346 lympharum
1288 3245 1400 3307 rore
1427 3246 1669 3346 superne:

155 3443 163 3461 ·
302 3484 304 3491 ᾗ
437 3381 619 3523 Usque
646 3382 772 3481 adeo
796 3383 850 3481 in
874 3380 1027 3484 rebus
1052 3383 1199 3485 solidi
1224 3381 1352 3483 nihil
1377 3421 1483 3484 esse
1507 3384 1724 3489 videtur.

440 3556 542 3662 Sed
569 3561 691 3700 quia
715 3598 833 3661 vera
857 3582 1028 3659 tamen
1054 3560 1181 3659 ratio
1207 3581 1492 3696 naturaque
1516 3596 1688 3660 rerum

441 3731 609 3873 Cogit,
636 3733 772 3854 ades,
798 3734 973 3870 paucis
998 3734 1121 3835 dum
1147 3730 1375 3834 versibus
1399 3731 1747 3868 expediamuS,

438 3903 563 4007 Esse
589 3946 664 4025 ea,
692 3940 810 4046 quae
836 3908 996 4008 solido
1022 3931 1178 4047 atque
1204 3929 1393 4006 aeterno
1419 3941 1628 4044 corpore
1653 3933 1901 4031 constent,

439 4080 645 4182 Semina
669 4120 786 4221 quae
811 4120 998 4202 rerum,
1023 4081 1406 4220 primordiaque
1433 4118 1539 4181 esse
1565 4082 1803 4187 docemus
1824 4128 1837 4209 ;

437 4253 591 4357 Unde
616 4258 779 4356 omnis
803 4293 975 4355 rerum
1001 4293 1137 4355 nunc
1164 4277 1358 4354 constet
1384 4294 1580 4356 summa
1593 4286 1777 4364 creata.

508 4426 765 4566 Principio
791 4429 1031 4568 quoniam
1058 4428 1252 4566 duplex
1276 4455 1460 4534 natura
1485 4435 1702 4538 duarum

437 4601 711 4704 Dissimilis
735 4642 906 4704 rerum
931 4603 1084 4740 longe
1111 4627 1338 4704 constare
1364 4624 1567 4746 reperta
1593 4638 1683 4732 est,

439 4773 724 4915 Corporum
749 4800 905 4918 atque
931 4779 1044 4898 loci,
1071 4816 1151 4878 res
1174 4780 1226 4878 in
1253 4816 1357 4917 quo
1383 4768 1606 4922 quaeque
1631 4815 1917 4925 geruntur3
