4432 5984
380 314 452 409 30
711 315 773 403 Τ.
840 309 1273 405 LUCRETII
1333 310 1545 406 CARI

381 572 626 677 Efficiunt
650 574 812 714 ignes,
837 597 1135 714 mutatoque
1159 576 1337 676 ordine
1362 596 1564 675 mutant

383 747 669 870 Naturam3
696 787 865 889 neque
891 774 1012 851 sunt
1035 751 1143 890 igni
1162 751 1411 868 simulate,
1438 786 1606 886 neque
1633 747 1752 848 ullae

384 921 638 1025 Praeterea
661 926 770 1046 reii‚
799 962 916 1063 quse
942 965 1153 1065 corpora
1178 928 1376 1026 mittere
1401 923 1563 1061 possit

386 1097 646 1220 Sensibus,
673 1124 726 1200 et
749 1123 948 1202 nostros
974 1101 1173 1240 adjectu
1200 1123 1410 1238 tangere
1437 1120 1618 1198 tactus.

456 1272 643 1376 Dicere
668 1313 820 1414 porro
846 1277 1016 1415 ignem
1043 1315 1122 1378 res
1148 1277 1339 1377 omneis
1365 1310 1488 1392 esse,
1515 1310 1685 1412 neque
1711 1273 1881 1374 ullam

384 1449 516 1552 Rern
542 1491 710 1554 veram
737 1455 788 1553 in
816 1489 1028 1553 numero
1043 1489 1215 1597 'rerum
1235 1417 1470 1551 'constare
1496 1448 1592 1548 nisi
1619 1450 1810 1588 ignem,

388 1625 541 1750 Quod
569 1627 690 1728 facit
716 1624 817 1729 Hic
842 1625 993 1745 idem,
1020 1625 1331 1763 perdelirum
1357 1661 1464 1723 esse
1489 1623 1706 1728 videtur.

388 1800 443 1905 N
447 1842 527 1903 arn
554 1823 729 1904 eontra
755 1838 927 1902 sensus
953 1797 1017 1900 ab
1044 1798 1272 1901 sensibus
1297 1800 1406 1939 ipse
1432 1823 1700 1939 repugnat,

387 1972 459 2078 Et
482 1954 754 2078 lebefactat
778 2013 878 2099 eos
907 1975 1044 2075 unde
1070 1975 1240 2075 omnia
1264 1968 1456 2076 eredita
1479 1977 1737 2114 pendent3
1800 2074 1807 2087 ,

388 2149 543 2255 Unde
568 2149 652 2252 hic
678 2152 910 2290 cognitus
934 2173 1011 2251 est
1037 2150 1148 2288 ipsi,
1177 2188 1331 2288 quem
1358 2152 1584 2251 nominat
1610 2152 1797 2291 ignem.

391 2320 571 2424 Credit
594 2322 728 2423 enim
755 2362 929 2425 sensus
955 2326 1125 2463 ignem
1152 2363 1454 2462 cognoscere
1477 2365 1611 2449 vere,

392 2497 592 2601 Caetera
616 2538 719 2600 non
745 2470 923 2625 credit,
950 2497 1112 2599 nihilo
1139 2537 1256 2637 quae
1282 2500 1417 2600 clara
1443 2501 1612 2602 minus
1640 2524 1789 2604 sunt:

295 2750 297 2755 ,
391 2671 548 2794 Quod
573 2670 697 2773 milri
723 2711 840 2805 oum
865 2710 1068 2792 vanum,
1094 2695 1204 2772 turn
1232 2672 1448 2773 delirum
1475 2713 1582 2776 csse
1606 2677 1824 2780 videtur.

393 2843 512 2966 Quo
537 2846 813 2947 referemus
838 2846 1004 2948 enim?
1045 2844 1184 2967 Quid
1214 2847 1359 2948 nobis
1386 2851 1569 2952 certius
1596 2853 1718 2990 ipsis

392 3019 636 3122 Sensibus
661 3059 767 3121 esse
791 3042 975 3159 potest,
1004 3059 1109 3158 quo
1133 3048 1252 3122 'vera
1277 3061 1333 3122 ac
1360 3022 1485 3124 falsa
1511 3032 1778 3128 notemusl

463 3191 733 3315 Praeterea,
762 3232 919 3333 quare
946 3196 1216 3333 quisquam
1242 3197 1401 3334 magis
1426 3201 1596 3299 omnia
1621 3202 1780 3324 tollat,

395 3370 464 3472 Et
488 3373 609 3472 velit
634 3371 826 3471 ardoris
842 3389 1082 3468 naturam
1109 3369 1342 3508 linquere
1368 3374 1541 3496 solam,

396 3542 566 3665 Quam
581 3568 736 3683 neget
751 3584 857 3645 esse
873 3543 1021 3680 ignis,
1040 3581 1283 3642 summurn
1301 3566 1469 3646 tamen
1487 3587 1591 3650 esse
1608 3552 1891 3692 relinquat?

394 3721 571 3860 AEqua
594 3719 797 3821 videtur
821 3721 956 3819 enim
975 3719 1237 3830 ¹dementia
1262 3720 1428 3822 dicere
1457 3747 1749 3866 utrumque.

468 3892 800 4032 Quapropter
819 3899 909 4033 qui
934 3888 1194 3999 materiem
1221 3938 1392 4000 rerum
1418 3936 1524 4000 esse
1549 3907 1798 4037 putlrrunt

398 4066 597 4206 Ignem,
624 4091 780 4207 atque
806 4107 871 4169 ex
896 4071 1004 4208 igni
1031 4108 1278 4172 summam
1304 4075 1575 4176 consistere
1600 4042 1747 4216 posse
1761 4121 1777 4206 3

399 4242 469 4346 Et
493 4246 584 4384 qui
609 4243 919 4382 principium
944 4249 1223 4386 gignundis
1249 4252 1365 4348 adra
1390 4247 1542 4350 rebus
1671 4331 1673 4335 ,

361 4433 366 4439 ’
401 4417 751 4542 Constituere3
790 4442 877 4518 aut
903 4418 1166 4522 humorem
1193 4425 1490 4571 quicunque
1515 4429 1765 4563 putlrrunt

400 4592 617 4731 Fingere
643 4629 722 4724 res
741 4593 907 4729 ipsum
933 4634 1026 4734 per
1051 4636 1133 4722 se;
1167 4622 1415 4701 terramve
1442 4642 1613 4705 creare

335 4858 363 4885 „
402 4764 607 4886 Omnia,
634 4791 686 4867 et
712 4769 764 4867 in
790 4806 958 4870 rerum
986 4795 1192 4874 naturas
1216 4774 1401 4876 vertier
1425 4782 1616 4880 omneis
1631 4822 1647 4906 3

403 4939 721 5079 Magnopere
748 4981 777 5043 a
801 4981 920 5046 vero
945 4947 1203 5090 longeque
1228 4951 1417 5052 errdsse
1435 4954 1690 5059 videntur.
