4432 5984
363 327 465 431 sm
685 324 744 470 a
813 337 1260 436 nuoneru,
1309 339 1530 484 orm

366 597 633 735 Praecepit,
659 596 883 739 ferrique
908 596 1012 698 vias
1035 597 1261 735 possedit
1285 622 1500 736 apertas

364 771 621 874 Posterior
644 773 828 910 lapidis
851 773 992 874 venit
1013 794 1182 892 aestus,
1209 796 1260 873 et
1286 777 1455 874 omnia
1477 775 1631 913 plena

366 943 569 1048 Invenit
592 944 821 1076 inferro,
849 984 1018 1084 neque
1043 943 1198 1048 habet
1224 987 1328 1088 qua
1352 971 1622 1071 tranet,ut
1647 969 1780 1057 ante.

369 1119 856 1259 Cogitur-offensare
882 1122 1055 1259 igitur,
1086 1123 1394 1271 pulsareque
1418 1126 1579 1225 fluctu

364 1295 548 1397 Ferrea
571 1319 713 1399 texta
739 1336 858 1422 suo;
899 1336 1003 1441 quo
1027 1320 1180 1435 pacto
1208 1298 1402 1435 respuit
1427 1295 1491 1397 ab
1516 1335 1587 1419 se,

360 1472 539 1609 Atque
564 1511 658 1610 per
682 1511 750 1575 aes
776 1473 950 1612 agitat,
976 1472 1085 1575 sine
1112 1510 1171 1575 eo
1198 1511 1316 1612 quae
1343 1509 1477 1610 saepe
1502 1471 1745 1575 resorbet.
1860 1581 1863 1586 ,

434 1645 568 1748 Illud
598 1648 650 1748 in
678 1645 768 1785 his*
782 1647 932 1749 rebus
957 1647 1127 1754 mirari
1153 1647 1312 1768 mitte,
1341 1647 1478 1787 quod
1507 1668 1677 1775 aestus'

366 1818 488 1923 Non
513 1823 698 1922 valete
724 1822 894 1960 lapide
921 1820 1015 1922 hoc
1042 1821 1162 1921 alias
1188 1823 1450 1959 impellere
1474 1823 1595 1922 item
1622 1858 1731 1921 res:
1853 1907 1855 1911 .

363 1994 595 2098 Pondere
615 1998 748 2097 enirn
768 1996 913 2108 fretae
932 1997 1119 2134 partim
1141 2018 1290 2118 stant,
1309 1996 1446 2136 quod
1468 2035 1630 2136 genus
1649 2032 1854 2097 aurum:

362 2171 438 2273 Ac
463 2175 648 2311 partim
676 2211 790 2272 raro
816 2172 938 2310 quia
963 2193 1082 2272 sunt
1106 2210 1222 2280 cum
1249 2209 1474 2309 corpore,
1502 2149 1560 2270 ut
1584 2195 1736 2273 aestus
1861 2213 1863 2217 ·

361 2342 597 2449 Pervolet
621 2347 855 2481 intactus,
882 2371 1151 2486 nequeunt
1174 2348 1428 2486 impellier
1452 2384 1698 2486 usquam3

364 2516 560 2659 Lignea
583 2521 816 2622 materies
839 2524 891 2624 in
920 2562 1024 2663 quo
1050 2560 1237 2661 genere
1263 2559 1368 2623 osse
1393 2519 1610 2625 videtur.

362 2697 504 2801 Inter
529 2723 772 2839 utrasque
798 2699 956 2838 igitur
975 2702 1092 2802 ferri
1121 2720 1304 2834 natura
1328 2696 1505 2817 locata,

361 2873 500 2975 AEris
525 2873 615 2975 ubi
636 2875 832 3012 accepit
859 2874 1093 3012 quaedam
1121 2835 1436 3009 corpuscula,
1457 2893 1566 2971 tum
1591 2873 1667 2994 fit,

362 3040 638 3185 Impellant
662 3071 720 3148 ut
745 3086 855 3148 eam
884 3046 1121 3186 Magnesl
1147 3047 1484 3163 semina-saxi.

434 3222 547 3324 Neo
576 3245 742 3322 tamen
769 3222 880 3324 haec
905 3225 976 3325 ita
1002 3246 1120 3329 sunt
1145 3222 1358 3326 aliarum
1384 3258 1550 3321 rerum
1579 3223 1758 3343 aliena,

364 3393 439 3499 Ut
463 3396 587 3497 milri
614 3399 771 3498 multa
796 3436 980 3536 parum
1002 3435 1187 3535 genere
1214 3435 1275 3497 ex
1302 3394 1398 3497 boc
1425 3398 1835 3534 suppeditentur,

364 3568 496 3691 Quae
523 3608 798 3673 memorare
825 3611 1006 3711 queam
1034 3573 1167 3674 inter
1193 3610 1243 3672 se
1270 3572 1594 3710 singulariter
1618 3597 1750 3713 apta.
1879 3661 1882 3664 ,

314 3798 319 3805 ·
364 3745 499 3848 Saxa
521 3749 661 3848 vides
687 3750 907 3887 primum
934 3750 1039 3849 sola
1064 3749 1341 3850 coclescere
1367 3747 1530 3847 calce:

258 4039 260 4044 ¹
367 3919 579 4023 Glutine
606 3924 838 4023 materies
862 3923 1064 4022 taurino
1090 3923 1161 4023 ita
1178 3922 1419 4060 jungitur
1434 3931 1561 4042 una,
1637 3933 1642 3938 ’

363 4097 439 4200 Ut
463 4098 585 4201 vitio
609 4136 751 4199 venae
777 4095 1064 4198 tabularum
1092 4099 1277 4236 saepius
1302 4095 1514 4218 hiscant,
1672 4081 1678 4086 .

365 4271 533 4393 Quam
561 4273 729 4373 laxare
755 4293 948 4410 queant
972 4309 1240 4411 compages
1265 4294 1440 4372 taurea
1461 4271 1642 4375 vincla.

363 4444 592 4585 Vitigeni
616 4446 789 4546 latices
813 4441 871 4544 in‘
893 4455 1046 4584 aquai
1064 4445 1289 4547 fontibus
1314 4446 1507 4546 audent

326 4644 333 4653 “
363 4619 586 4742 Misceri,
615 4658 770 4759 quom
796 4620 884 4756 pix
912 4642 1135 4758 nequeat
1160 4622 1340 4759 gravis,
1368 4643 1419 4721 et
1442 4620 1550 4721 leve
1577 4603 1790 4723 olivum:

361 4798 763 4936 Purpureusque
789 4794 922 4895 colos
949 4794 1184 4937 conchyli
1209 4797 1457 4933 mergitur
1482 4833 1585 4897 una

364 4973 588 5112 Corpore
615 5008 730 5073 cum
755 4969 903 5093 lanae,
930 4971 1099 5077 dirimi
1126 4972 1344 5119 quinon
1371 4991 1527 5112 queat
1550 5007 1796 5112 usquam:
