4432 5984
445 422 548 513 202
771 426 830 514 T.
898 422 1316 525 LUCRETII
1383 422 1594 513 CARI

447 680 575 784 Haec
601 682 808 783 eadern:
838 720 1007 819 neque
1033 682 1187 802 enirn,
1214 680 1411 782 mortali
1431 717 1641 816 corpore
1662 717 1867 820 quaesul

444 854 528 957 Ex
551 857 750 957 infinito
768 857 874 994 jam
900 879 1128 992 tempore
1156 853 1323 954 adhuc
1342 853 1625 989 potuissent

442 1025 684 1131 Immensi
709 1031 899 1132 validas
924 1032 1017 1132 aevi
1043 1053 1363 1131 contemnere
1382 1027 1545 1129 vireis,

444 1199 685 1342 Denique
711 1226 979 1341 tantopere
1005 1205 1139 1305 inter
1163 1242 1213 1304 se
1240 1240 1398 1341 quom
1423 1201 1644 1300 maxima
1667 1200 1848 1301 mundi

443 1373 685 1514 Pugnent
708 1375 952 1496 membra,
979 1379 1065 1514 pio
1090 1413 1417 1516 nequaquam
1444 1374 1638 1475 concita
1664 1372 1831 1503 bello;

444 1545 633 1651 Nonne
658 1551 799 1652 vides
824 1549 1046 1687 aliquam
1072 1550 1211 1688 longi
1238 1549 1521 1649 certaminis
1546 1550 1659 1649 ollis

440 1721 593 1825 Posse
614 1725 721 1824 dari
750 1724 934 1823 finem?
971 1725 1049 1824 vel
1077 1764 1232 1862 quom
1259 1725 1333 1825 sol
1357 1748 1407 1823 et
1432 1763 1588 1863 vapor
1611 1729 1775 1828 omnis

443 1895 698 1998 Omnibus
723 1898 885 2035 epotis
909 1895 1207 1999 humoribus
1233 1901 1600 2037 exsuperarint,

441 2068 593 2190 Quod
611 2071 774 2172 facere
790 2069 1079 2190 intendunt,
1091 2108 1258 2211 neque
1274 2071 1439 2173 adhuc
1455 2096 1632 2174 conata
1646 2096 1867 2213 patrant·

369 2361 371 2365 .
436 2240 659 2344 Tantum
686 2243 1017 2383 suppeditant
1041 2281 1228 2366 amnes,
1254 2247 1493 2385 ultroque
1519 2249 1780 2353 minantur

440 2416 630 2518 Omnia
654 2419 899 2520 diluviare
925 2457 990 2518 ex
1015 2418 1118 2518 alto
1143 2421 1349 2557 gurgite
1375 2424 1550 2558 ponti3

320 2578 326 2589 ’
440 2588 840 2731 Nequidquam:
870 2591 1114 2730 quoniam
1137 2616 1394 2692 verrentes
1419 2632 1627 2731 aequora
1649 2596 1789 2697 venti

436 2724 776 2884 Deminuunt,
804 2765 1062 2902 radiisque
1088 2787 1322 2864 retexens
1349 2753 1717 2895 aetheriusso13

437 2938 506 3045 Et
530 2940 715 3041 siccare
739 2940 883 3077 prius
908 2940 1175 3040 confidunt
1199 2941 1368 3041 omnia
1392 2978 1553 3078 posse,

434 3112 605 3253 Quam
632 3115 803 3252 liquor
827 3113 1033 3250 incaepti
1059 3115 1217 3253 possit
1240 3117 1533 3251 contingere
1559 3114 1729 3216 finem.

431 3285 654 3387 Tantum
682 3287 928 3425 spirantes
954 3326 1105 3425 aequo
1131 3293 1403 3391 certamine
1429 3290 1622 3391 bellum
1748 3264 1751 3269 Ι

434 3456 640 3597 Magnis
666 3460 728 3559 de
754 3456 906 3558 rebus
931 3461 1064 3560 inter
1089 3501 1140 3564 se
1167 3502 1369 3565 cernere
1395 3486 1619 3566 certant:

351 3626 355 3633 ¹
433 3631 607 3753 Quom
633 3633 787 3733 semel
813 3635 862 3732 in
890 3657 1024 3735 terra
1043 3634 1197 3736 fuerit
1223 3638 1541 3773 superantior
1565 3638 1713 3774 ignia,

432 3807 502 3909 Et
526 3809 679 3910 semel
707 3813 792 3943 (ut
815 3808 950 3908 fama
974 3811 1074 3944 est)
1103 3808 1285 3910 humor
1309 3810 1535 3946 regnarit
1559 3811 1611 3909 iu
1637 3811 1782 3911 arvis·

431 3981 573 4120 Ignis
602 3984 737 4083 enirn
764 3986 1035 4120 superavit,
1063 4005 1115 4083 et
1138 3980 1345 4082 amhens
1370 3982 1531 4082 multa
1554 3982 1792 4121 perussit,

429 4132 569 4260 Avia
585 4199 740 4298 quom
766 4157 1087 4260 Phaethonta
1111 4193 1270 4293 rapax
1294 4154 1367 4255 vis
1392 4155 1509 4255 solis
1533 4194 1785 4295 equorum

429 4331 642 4433 AEthere
668 4335 885 4470 raptavit
908 4355 1031 4451 totu,
1058 4354 1318 4470 terrasque
1344 4330 1669 4466 peromnem.

359 4516 367 4525 '
428 4503 500 4603 At
524 4527 669 4642 pater
694 4506 1012 4640 omnipotens
1037 4506 1110 4603 ira
1135 4472 1245 4604 tuin
1271 4505 1493 4640 percitus
1519 4504 1621 4603 acri

431 4674 818 4815 Magnanimum
846 4674 1166 4778 Phaethonta
1191 4681 1388 4815 repenti
1415 4678 1643 4789 fulminis
1671 4677 1774 4779 ictu
1836 4652 1839 4657 Ι

430 4849 737 4952 Deturhavit
763 4851 907 4990 equis
933 4853 985 4950 in
1011 4874 1226 4976 terrarn3
1265 4854 1441 4992 solque
1468 4851 1668 4951 cadenti

430 5024 628 5126 Obvius
653 5047 893 5126 aeternam
920 5029 1142 5166 suscepit
1165 5029 1404 5169 lampada
1427 5024 1637 5148 mundi3
