4432 5984
669 427 945 515 LIBER
1010 426 1417 519 QUINTUS·
1683 422 1787 532 907

297 672 558 826 Significat
581 686 728 824 ponti
753 722 906 804 mare,
932 709 1069 786 certo
1096 686 1235 826 quod
1263 688 1378 786 fluit
1395 711 1539 806 aestU,

295 862 466 965 Unum
493 859 700 962 labendi
728 896 1025 960 conservans
1051 897 1214 999 usque
1240 883 1481 964 tenorem.

361 1035 591 1136 Motibus
616 1055 866 1133 astrorum
892 1074 1027 1136 nuuc
1054 1073 1172 1172 quae
1199 1036 1263 1133 sit
1287 1072 1451 1154 causa,
1479 1072 1732 1137 canamus.

290 1206 561 1347 Principio,
589 1244 806 1343 magnus
833 1207 945 1307 coeli
971 1209 1009 1306 si
1032 1209 1244 1308 vertitur
1268 1209 1419 1328 orbis,

289 1379 369 1482 Ex
394 1408 611 1523 utraque
637 1383 814 1521 polum
840 1382 973 1516 parti
1000 1419 1228 1516 premere
1255 1386 1370 1482 aera
1396 1380 1540 1480 nobis

288 1557 576 1685 Dicendum
595 1580 688 1677 est,
706 1578 955 1691 extraque
976 1577 1166 1676 tenere,
1185 1580 1235 1656 et
1250 1557 1481 1658 claudere
1498 1558 1778 1696 utrimque3

289 1729 415 1832 Inde
441 1734 597 1834 alium
624 1767 809 1868 supera
834 1730 1011 1847 fluere,
1039 1753 1194 1868 atque
1220 1730 1482 1829 intendere
1508 1730 1702 1851 eodem,

284 1901 402 2023 Quo
426 1906 674 2007 volvenda
698 1905 889 2003 micant
914 1904 1097 2004 alterni
1124 1904 1286 2004 sidera
1312 1904 1515 2004 mundi:

282 2078 376 2177 Ast
400 2080 554 2181 alium
584 2078 777 2196 subter,
804 2101 978 2178 contra
1007 2080 1097 2217 qui
1122 2076 1369 2179 subvehat
1392 2077 1598 2203 orbem3

280 2247 356 2350 Ut
377 2255 557 2354 fluvios
583 2289 783 2357 versare
812 2279 948 2358 rotas
974 2277 1130 2391 atque
1157 2252 1363 2352 haustra
1386 2252 1632 2353 videmus.

349 2422 441 2524 Est
465 2430 617 2529 etiam
644 2471 857 2574 quoque
884 2432 963 2532 uti
989 2432 1146 2566 possit
1169 2430 1349 2528 coelum
1378 2465 1525 2527 omne
1551 2465 1758 2529 manere·

279 2591 341 2694 In
367 2601 597 2721 statione,
623 2627 796 2707 tamen
825 2642 983 2744 quom
1008 2603 1181 2704 lucida
1205 2605 1349 2739 signa
1371 2601 1628 2702 ferantur:

280 2767 393 2869 Sive
419 2776 560 2910 quod
588 2779 771 2882 inclusi
798 2782 967 2919 rapidi
993 2799 1113 2880 sunt
1137 2774 1340 2877 aetheris
1366 2797 1532 2895 aestus,
1593 2873 1596 2879 .

277 2937 686 3088 Quaerentesque
711 2957 848 3055 viam
873 2956 1344 3071 circumversantur,
1371 2924 1423 3050 et
1447 2952 1591 3087 ignes

274 3108 465 3215 Passim
493 3158 586 3255 per
611 3126 725 3225 coeli
752 3128 965 3228 volvunt
990 3166 1042 3228 sc
1067 3128 1303 3227 immania
1329 3125 1546 3261 templa:

225 3290 230 3299 ’
275 3283 392 3386 Sive
418 3290 626 3394 aliunde
653 3299 823 3399 fluens
849 3300 1086 3403 alicunde
1111 3303 1422 3402 extrinsecus
1446 3303 1534 3400 ae'r

270 3454 452 3560 Versat
476 3501 633 3601 agens
659 3470 859 3605 igneis3
899 3476 1002 3578 sive
1028 3478 1125 3614 ipsi
1151 3512 1350 3613 serpere
1375 3496 1602 3613 possunt,

270 3626 389 3748 Quo
416 3639 706 3779 quoiusque
733 3645 880 3748 cibus
904 3672 1072 3771 vocat,
1092 3672 1245 3787 atque
1271 3648 1449 3748 invitat
1472 3647 1682 3766 euntois,

268 3798 524 3907 Flammea
548 3849 644 3946 per
668 3817 860 3918 coelum
886 3824 1169 3957 pascenteis
1194 3859 1405 3958 corpora
1428 3822 1629 3957 passim.

268 3969 406 4074 Nam
434 3982 560 4114 quid
588 3986 640 4084 in
668 3986 769 4093 hoo
797 3994 997 4095 mundo
1022 3996 1087 4094 sit
1111 4032 1302 4113 eornm,
1328 4031 1516 4131 ponere
1541 4018 1736 4095 certum

265 4141 485 4251 Difficile
511 4179 618 4258 est:
659 4165 759 4263 sed·
781 4169 913 4306 quid
939 4172 1114 4308 possit,
1142 4172 1332 4309 fiatque
1357 4207 1450 4308 per
1474 4208 1621 4270 omne
1763 4228 1766 4237 ·

262 4315 324 4418 In
348 4325 496 4424 variis
522 4335 732 4437 mundis
751 4344 895 4442 varia
919 4345 1115 4444 ratione
1141 4346 1337 4463 creatis,

260 4488 320 4591 Id
351 4493 536 4622 doceo;
575 4505 887 4653 plureisquc
915 4556 1104 4657 sequor
1129 4520 1394 4656 disponere
1420 4556 1592 4620 causas

260 4661 490 4769 Motibus
515 4698 794 4808 astrorum,
824 4731 945 4830 quae
971 4695 1168 4833 possint
1192 4731 1300 4793 esse
1324 4730 1418 4828 per
1442 4731 1607 4797 omne.

257 4835 620 4975 Equibusuna
635 4875 818 4963 tamen
833 4869 901 4967 sit
916 4867 1770 5006 cthaecquoquecausanecesseest,

258 5008 393 5131 Qflae
418 5045 602 5154 vegeat
628 5057 835 5142 motum
864 5045 1055 5183 signis:
1091 5043 1179 5145 sed
1206 5080 1323 5183 quae
1347 5043 1413 5143 sit
1436 5079 1610 5142 earum
