4432 5984
736 359 1010 451 LIBER
1073 358 1468 452 TERTIUS.
1748 358 1846 465 119

358 614 618 755 Serpentis
644 617 858 717 caudam
883 656 1097 755 procero
1123 658 1351 758 corpore,
1378 620 1636 758 utrimque

358 791 437 892 Sit
460 791 663 892 libitum
688 793 741 891 in
768 792 952 892 multas
976 796 1163 929 parteis
1190 793 1471 895 discindere
1496 794 1646 914 ferro,

357 962 549 1066 Omnia
565 964 672 1102 jam
698 1002 921 1065 seorsum
948 1005 1120 1067 cernes
1146 970 1329 1069 amcisa
1353 968 1542 1069 recenti

355 1135 576 1238 Volnere
604 1138 799 1257 tortari,
826 1162 878 1238 et
901 1161 1086 1239 terram
1114 1178 1446 1279 conspergere
1471 1140 1609 1261 tabo,

357 1308 527 1449 Ipsam
554 1351 709 1452 seque
735 1336 870 1413 retro
894 1336 1091 1450 partem
1116 1337 1288 1450 petere
1315 1354 1400 1415 ore
1426 1316 1663 1452 priorem,

356 1484 592 1587 Volneris
616 1486 812 1586 ardenti
840 1510 897 1586 ut
922 1524 1089 1586 morsu
1115 1509 1312 1623 premat
1336 1488 1434 1588 icta
1460 1488 1645 1589 dolore.

360 1656 615 1760 Omnibus
640 1699 745 1760 csse
769 1661 928 1797 igitur
951 1678 1080 1759 totas
1106 1659 1330 1760 dicemus
1354 1661 1406 1760 in
1432 1638 1551 1760 illis.

335 1827 624 1969 'Particulis
650 1835 874 1936 animast
913 1857 964 1934 at
989 1873 1048 1934 ea
1072 1835 1264 1935 ratione
1290 1856 1547 1972 sequetur,

357 2003 528 2106 Unam
554 2008 861 2106 animantem
887 2007 1078 2106 animas
1096 2004 1326 2106 habuisse
1347 2008 1398 2106 in
1418 2043 1625 2144 corpore
1643 2007 1838 2110 multas.

358 2176 499 2318 Ergo
525 2181 683 2281 divisa
707 2204 783 2281 est
807 2219 881 2301 ea,
909 2219 1026 2319 quae
1044 2181 1142 2281 fuit
1167 2218 1268 2281 una
1292 2180 1441 2282 simul
1467 2220 1583 2281 cum

361 2351 602 2494 Corpore,
619 2356 1154 2496 quaproptermortale
1170 2355 1841 2494 utrumqueputandumest,

359 2527 420 2631 In
448 2533 631 2631 multas
658 2532 898 2670 qnoniam
923 2533 1113 2668 parteis
1136 2529 1435 2630 discinditur
1459 2568 1625 2669 aeque.

428 2703 698 2823 Praeterea,
726 2705 766 2803 si
791 2704 1085 2804 immortalis
1110 2724 1290 2803 natura
1315 2703 1500 2802 animai

362 2874 589 3000 Constat,
616 2901 668 2979 et
691 2880 742 2979 in
771 2916 952 3018 corpus
978 2872 1298 2979 nascentibus
1324 2876 1622 2995 insinuatur,

363 3045 471 3150 Cur
494 3087 648 3187 super
672 3071 953 3151 anteactam
979 3071 1178 3151 aetatem
1204 3050 1486 3148 meminisse
1505 3050 1791 3187 nequimus,

361 3220 476 3325 Nec
501 3225 712 3363 vestigia
735 3247 989 3363 gestarum
1018 3262 1185 3323 rerum
1213 3223 1318 3323 ulla
1341 3226 1601 3324 tenemus?

361 3396 499 3501 Nam
527 3400 567 3498 si
591 3420 854 3537 tantopere
880 3420 955 3497 est
980 3397 1131 3498 animi
1158 3419 1351 3496 mutata
1374 3418 1598 3533 potestas

362 3568 544 3672 Omnis
571 3592 629 3670 ut
653 3593 876 3671 actarum
903 3570 1147 3671 exciderit
1170 3571 1440 3669 retinentia
1463 3607 1649 3690 rerum,

360 3739 485 3842 Non
512 3746 598 3877 (ut
622 3744 828 3879 opinor)
855 3744 907 3844 id
934 3742 998 3845 ab
1022 3742 1161 3844 letho
1178 3745 1286 3881 jam
1311 3744 1531 3879 longiter
1555 3765 1703 3844 errat.

362 3912 691 4052 Quapropter
714 3913 902 4016 fateare
928 3924 1127 4017 necesse
1153 3938 1245 4036 est,
1273 3954 1389 4055 quae
1414 3914 1515 4016 fuit
1539 3940 1654 4016 ante

361 4088 636 4210 interiisse,
658 4113 711 4189 et
738 4129 854 4229 quae
881 4128 1016 4191 nunc
1042 4111 1279 4191 est'nunc
1304 4129 1410 4190 esse
1435 4114 1670 4193 creatam.

433 4261 703 4382 Praeterea,
729 4266 769 4362 si
787 4264 895 4400 jam
914 4263 1137 4401 perfecto
1162 4300 1372 4399 corpore
1397 4262 1547 4364 nobis

363 4434 547 4538 Inferri
573 4436 718 4537 solita
742 4459 821 4535 est
844 4438 998 4535 animi
1022 4437 1185 4535 vivata
1209 4456 1431 4570 potestas

359 4610 493 4711 Tum
523 4621 681 4747 quom
706 4610 969 4749 gignimur
992 4633 1044 4709 et
1065 4613 1183 4711 vitae
1210 4649 1363 4749 quom
1391 4614 1541 4715 limen
1570 4617 1771 4737 inimus,

364 4783 521 4887 Haud
551 4784 621 4882 ita
647 4781 980 4884 conveniebat
1004 4784 1213 4885 uticum
1240 4824 1451 4923 corpore
1474 4810 1526 4888 et
1549 4828 1653 4891 una

365 4955 497 5060 Cum
524 4953 761 5056 membris
783 4956 1015 5059 videatur
1039 4958 1092 5057 in
1117 4958 1227 5095 ipso
1251 4963 1497 5101 sanguine
1516 4964 1707 5087 cresse3
