4432 5984
386 303 489 404 ‘62
737 312 798 401 T·
868 309 1303 413 LUCRETII
1370 305 1588 398 CARI

423 570 635 675 Littoris
659 568 856 671 incurvi
882 566 1110 669 bibulam
1136 567 1277 706 pavit
1302 607 1481 707 aequor
1506 601 1725 667 arenam.

424 746 599 869 Quare
626 748 778 846 etiam
805 767 889 882 atq
899 782 959 842 ue
986 744 1139 850 etiam
1164 743 1314 843 simili
1340 743 1533 841 ratione
1560 777 1761 855 necesse
1790 762 1903 858 est,

424 920 638 1023 Natura.
653 921 893 1058 quoniam
912 941 1159 1038 constant,
1177 956 1355 1056 neque
1380 916 1511 1016 sacta
1537 954 1691 1016 manu
1716 937 1851 1017 snut

423 1094 592 1198 Unius
617 1094 888 1194 adcertam
916 1092 1127 1193 formam
1155 1091 1434 1231 primordia
1457 1128 1644 1210 rerum,

425 1269 669 1371 Dissimili
698 1273 832 1370 inter
857 1308 908 1369 se
936 1268 1173 1406 quaedam
1200 1268 1409 1369 volitare
1435 1267 1615 1405 ligura.

492 1427 740 1546 Perfacile
767 1468 843 1543 est
860 1444 966 1580 jam
995 1446 1151 1559 animi
1177 1445 1372 1544 ratione
1398 1442 1655 1543 exsolvere
1681 1440 1853 1561 nobis,
2008 1438 2012 1444 ’

425 1618 599 1741 Quare
626 1619 904 1720 fulmineus
930 1618 1091 1717 multo
1115 1617 1424 1755 penetralior
1448 1616 1597 1753 ignis,

424 1793 595 1916 Quam
623 1818 794 1895 noster
818 1795 947 1894 fluat
972 1834 998 1892 e
1024 1793 1155 1893 tedis
1182 1787 1502 1892 terrestribus
1528 1812 1684 1892 ortus.

422 1967 609 2071 Dicere
636 1972 772 2070 enim
799 1968 959 2106 possis
986 1967 1237 2067 caelestem
1261 1965 1489 2069 fulminis
1514 1969 1686 2106 iguem

423 2144 675 2245 Subtilcm
703 2146 863 2281 magis
888 2181 916 2242 e
943 2144 1110 2280 parvis
1129 2163 1355 2243 constare
1382 2143 1560 2280 figuris
1575 2183 1589 2265 ;

420 2319 593 2458 Atque
620 2320 735 2418 ideo
760 2316 1260 2438 transiresoramina,
1289 2355 1406 2456 qnae
1432 2318 1616 2456 nequit
1639 2318 1772 2458 ignis

422 2491 615 2595 Noster
638 2491 720 2595 hic
747 2533 774 2594 e
800 2494 952 2631 lignis
978 2515 1134 2613 ortus,
1161 2493 1384 2632 tedaque
1411 2517 1624 2597 creatus.

491 2666 748 2770 Praeterea
774 2665 947 2767 lumen
973 2704 1067 2804 per
1090 2705 1301 2768 cornum
1325 2670 1536 2796 transit3
1574 2693 1627 2770 at
1651 2667 1816 2773 imber

305 2859 307 2863 ’
420 2841 731 2980 Respuitur:
772 2844 961 2981 quare?
1000 2843 1096 2941 nisi
1122 2842 1328 2942 luminis
1352 2843 1441 2943 illa
1464 2845 1660 2946 minora

423 3016 651 3155 Corpora
665 3039 800 3137 sunt,
819 3054 971 3154 quarn
990 3017 1052 3116 de
1069 3016 1258 3154 quibus
1272 3039 1349 3158 est
1362 3019 1534 3156 liquor
1547 3021 2015 3161 almusaquarum,

492 3191 560 3294 Et
587 3194 818 3332 quamvis
844 3191 1012 3292 subito
1036 3231 1130 3330 per
1155 3194 1320 3293 colum
1348 3196 1464 3295 vina
1488 3196 1720 3298 videmus

420 3365 695 3488 Perflucre,
723 3391 775 3467 at
799 3390 975 3468 contra
993 3368 1196 3469 tardum
1224 3391 1494 3471 cunctatur
1520 3372 1734 3496 oliv0m;

419 3541 528 3641 Aut
553 3544 677 3680 quia
702 3542 944 3642 nimirum
970 3541 1246 3679 majoribus
1273 3545 1645 3666 emolumentis

420 3717 530 3815 Aut
555 3717 715 3852 magis
741 3715 955 3816 hamatis
980 3720 1113 3817 inter
1139 3757 1206 3838 se,
1235 3755 1430 3855 perque
1459 3722 1669 3858 plicatis.

422 3890 598 4030 Atque
630 3892 743 3992 ideo
770 3893 827 3996 fit
855 3893 927 3991 uti
955 3929 1055 3990 non
1077 3914 1179 3990 tam
1207 3891 1416 3992 diducta
1441 3921 1649 4034 repente

423 4061 564 4165 luter
589 4106 640 4167 se
665 4070 857 4205 possint
884 4070 1162 4206 primordia
1187 4071 1387 4206 singula
1413 4037 1636 4211 quaeque
1695 4179 1699 4186 ,

426 4239 641 4379 Singula
661 4280 755 4380 per
780 4244 1028 4381 cujusque
1047 4243 1295 4344 foramina
1320 4284 1632 4384 permanare.

493 4411 612 4513 Huc
639 4415 848 4535 accedit,
876 4419 951 4516 uti
977 4419 1139 4519 mellis
1165 4420 1411 4560 lactisque
1438 4425 1662 4566 liquores

422 4588 455 4692 J
464 4589 663 4689 ucuudo
690 4629 838 4690 sensu
863 4592 1054 4732 linguae
1080 4621 1361 4701 tractentur
1379 4602 1431 4700 in
1457 4641 1574 4729 ore3

420 4767 492 4864 At
516 4788 691 4865 contra
713 4788 845 4866 tetra
871 4768 1092 4870 absinthl
1118 4796 1315 4896 natura,
1343 4776 1540 4916 ferique

424 4937 667 5039 Centanrl
690 4940 824 5042 foedo
850 4966 1188 5084 pertorquent
1211 4986 1301 5048 ora
1319 4988 1526 5090 sapore:
