4432 5984
366 356 461 465 194
699 363 759 455 T.
827 357 1256 452 LUCRETII
1321 358 1534 451 CARI

362 621 499 724 Nam
526 619 748 757 gaudere
775 622 915 719 novis
940 618 1091 719 rebus
1115 617 1302 718 debere
1329 618 1544 740 videtur,

364 794 499 914 Quoi
526 816 717 895 veteres
741 794 957 917 obsunt3
997 796 1100 913 sed,
1129 796 1248 934 quoi
1271 796 1339 895 nil
1367 797 1549 897 accidit
1574 797 1697 934 aegri

361 968 613 1106 Tempore
641 970 689 1067 in
718 990 963 1090 anteacto,
991 1007 1144 1108 quom
1173 967 1384 1106 pulchre
1410 968 1621 1107 degeret
1639 1006 1821 1087 aevom,

366 1142 507 1263 Quid
534 1144 702 1280 potuit
726 1145 960 1275 novitatis
985 1180 1206 1242 amorem
1231 1142 1504 1244 accendere
1528 1145 1650 1245 tali?

364 1320 464 1434 An,
493 1315 660 1433 ered0,
688 1316 739 1413 in
765 1314 988 1415 tenebris
1013 1317 1112 1414 vita
1139 1354 1196 1417 ac
1222 1354 1432 1415 moerore
1450 1316 1669 1455 jacebat,

366 1487 546 1590 Donec
572 1488 759 1587 diluxit
783 1527 949 1589 rerum
977 1488 1210 1627 genitalis
1236 1488 1411 1625 origo?

368 1660 572 1782 Quidve
599 1661 717 1761 mali
742 1660 908 1762 fuerat
934 1661 1079 1763 nobis
1105 1703 1207 1764 non
1232 1702 1337 1764 esse
1364 1666 1572 1765 creatis?

279 1899 291 1919 ·
367 1836 536 1937 Natus
561 1836 695 1934 enim
721 1833 890 1956 debet,
918 1837 1215 1976 quicunque
1241 1861 1332 1955 est,
1359 1839 1488 1938 velle
1513 1877 1714 1941 manere

367 2008 428 2110 In
457 2011 572 2129 vita,
600 2008 758 2109 donec
785 2008 1024 2110 retinebit
1047 2008 1235 2112 blanda
1259 2010 1519 2143 voluptas;

368 2183 471 2303 Qui
501 2220 763 2319 nunquam
789 2220 906 2284 vero
932 2187 1049 2287 vitae
1074 2187 1296 2324 gustavit
1320 2222 1558 2304 amorem,

367 2356 481 2459 Nec
508 2357 605 2457 fuit
628 2358 679 2456 in
709 2396 936 2478 nomem,
964 2359 1091 2498 quid
1117 2344 1262 2459 o'best
1284 2396 1387 2459 non
1413 2394 1519 2457 esse
1544 2364 1803 2462 creatum?

437 2531 745 2669 Exemplum
775 2570 925 2669 porro
951 2528 1228 2671 gignundis
1253 2531 1422 2653 rebuS,
1449 2556 1502 2635 et
1524 2536 1633 2673 ipsa
1719 2582 1722 2591 ·

369 2704 592 2807 Notities
621 2703 900 2825 hominum,
929 2706 1056 2806 divis
1082 2704 1218 2805 unde
1245 2706 1393 2805 insita
1418 2708 1656 2843 primum,

370 2880 511 3000 Quid
538 2879 725 2978 vellent
751 2876 912 2978 facere
938 2900 996 2976 ut
1021 2878 1220 2994 seirent,
1248 2877 1519 3017 animoque
1544 2882 1816 2981 viderentl·

371 3046 552 3176 Quove
579 3051 729 3150 modo
755 3072 831 3149 est
857 3054 1082 3191 unquam
1108 3053 1182 3152 vis
1208 3052 1409 3188 cognita
1434 3056 1820 3194 principiorum,

371 3227 633 3348 Quidnam
663 3226 796 3323 iuter
821 3263 925 3326 sese
952 3248 1238 3363 permutato
1262 3225 1439 3325 ordine
1466 3248 1685 3363 possent,

372 3407 424 3505 Si
453 3443 552 3504 non
579 3405 688 3539 ipsa
714 3401 856 3501 dedit
881 3403 1132 3539 specimen
1163 3424 1341 3507 natura
1366 3401 1600 3503 creandi?

373 3581 616 3717 Namque
643 3577 713 3677 ita
738 3575 1051 3676 multimodis
1075 3577 1247 3676 multis
1275 3573 1549 3713 primordia
1574 3610 1743 3671 rerum
1808 3654 1813 3662 .

373 3756 453 3857 Ex
478 3754 678 3853 infinito
696 3752 800 3888 jam
829 3772 1056 3888 tempore
1082 3754 1272 3889 percita
1299 3750 1477 3888 plagis,
1683 3752 1686 3757 ’
1766 3748 1769 3753 ’

373 3912 794 4061 Ponderibusque
821 3923 922 4022 suis
947 3926 1254 4022 consuerunt
1278 3923 1472 4023 connita
1496 3920 1634 4040 ferri,

334 4118 337 4123 ⁴
375 4097 801 4234 Omuimodisque
828 4098 976 4215 coire,
1004 4118 1158 4233 atque
1185 4097 1353 4195 onmia
1379 4117 1681 4232 pertentare,
1742 4180 1747 4189 .

378 4276 714 4410 Quaeounque
740 4274 873 4369 inter
898 4308 948 4369 se
976 4270 1168 4406 possint
1192 4307 1458 4406 congressa
1483 4305 1669 4389 creare,
1750 4308 1755 4313 ·

376 4451 452 4555 Ut
477 4489 576 4549 non
605 4451 669 4547 sit
694 4448 877 4545 mirum
905 4444 944 4541 si
970 4443 1022 4540 in
1048 4441 1191 4540 taleis
1217 4441 1550 4577 disposituras

378 4623 695 4725 Deciderunt
719 4655 943 4757 quoque,
971 4637 1023 4716 et
1046 4616 1095 4714 in
1124 4616 1265 4714 taleis
1291 4653 1471 4716 venere
1495 4638 1708 4717 meatus·

382 4796 633 4918 Qualibus
659 4794 768 4893 lraee
792 4829 962 4891 rerum
987 4794 1193 4928 genitur
1218 4829 1352 4891 nunc
1379 4827 1573 4891 summa
1590 4790 1844 4896 novando.

451 4972 603 5093 Quod
634 4973 672 5071 si
691 4970 798 5107 jam
824 5004 994 5067 rerum
1021 4967 1248 5105 ignorem
1274 4962 1550 5101 primordia
1570 5002 1689 5104 quae
1713 4966 1835 5088 sint,
