<?xml version="1.0" encoding="UTF-8"?>
<!DOCTYPE html PUBLIC "-//W3C//DTD XHTML 1.0 Transitional//EN"
    "http://www.w3.org/TR/xhtml1/DTD/xhtml1-transitional.dtd">
<html xmlns="http://www.w3.org/1999/xhtml" xml:lang="en" lang="en">
 <head>
  <title>
</title>
<meta http-equiv="Content-Type" content="text/html;charset=utf-8" />
  <meta name='ocr-system' content='tesseract 3.04.00' />
  <meta name='ocr-capabilities' content='ocr_page ocr_carea ocr_par ocr_line ocrx_word'/>
</head>
<body>
  <div class='ocr_page' id='page_1' title='image "./tlucretiicaride01carugoog_0020.png"; bbox 0 0 4432 5984; ppageno 0'>
   <div class='ocr_carea' id='block_1_1' title="bbox 736 310 1932 439">
    <p class='ocr_par' dir='ltr' id='par_1_1' title="bbox 736 310 1932 439">
     <span class='ocr_line' id='line_1_1' title="bbox 736 310 1932 439; baseline 0.005 -6"><span class='ocrx_word' id='word_1_1' title='bbox 736 345 1004 434; x_wconf 71' lang='lat' dir='ltr'>trena</span> <span class='ocrx_word' id='word_1_2' title='bbox 1064 344 1417 435; x_wconf 76' lang='lat' dir='ltr'>Parnes.</span> <span class='ocrx_word' id='word_1_3' title='bbox 1749 346 1805 439; x_wconf 94' lang='lat'>11</span> <span class='ocrx_word' id='word_1_4' title='bbox 1928 310 1932 322; x_wconf 84' lang='grc'><strong>’</strong></span> 
     </span>
    </p>
   </div>
   <div class='ocr_carea' id='block_1_2' title="bbox 285 601 1788 3701">
    <p class='ocr_par' dir='ltr' id='par_1_2' title="bbox 323 601 1512 741">
     <span class='ocr_line' id='line_1_2' title="bbox 323 601 1512 741; baseline 0 -36"><span class='ocrx_word' id='word_1_5' title='bbox 323 601 400 705; x_wconf 88' lang='lat' dir='ltr'>Ut</span> <span class='ocrx_word' id='word_1_6' title='bbox 423 602 593 741; x_wconf 88' lang='lat' dir='ltr'>potius</span> <span class='ocrx_word' id='word_1_7' title='bbox 619 606 790 705; x_wconf 87' lang='lat' dir='ltr'>multis</span> <span class='ocrx_word' id='word_1_8' title='bbox 816 607 1102 707; x_wconf 88' lang='lat' dir='ltr'>communia</span> <span class='ocrx_word' id='word_1_9' title='bbox 1127 642 1337 741; x_wconf 85' lang='lat' dir='ltr'>corpora</span> <span class='ocrx_word' id='word_1_10' title='bbox 1361 604 1512 705; x_wconf 89' lang='lat' dir='ltr'>rebus</span> 
     </span>
    </p>

    <p class='ocr_par' dir='ltr' id='par_1_3' title="bbox 324 776 1642 915">
     <span class='ocr_line' id='line_1_3' title="bbox 324 776 1642 915; baseline 0.001 -37"><span class='ocrx_word' id='word_1_11' title='bbox 324 776 495 879; x_wconf 85' lang='lat' dir='ltr'>Multa</span> <span class='ocrx_word' id='word_1_12' title='bbox 520 799 668 915; x_wconf 89' lang='lat' dir='ltr'>putes</span> <span class='ocrx_word' id='word_1_13' title='bbox 693 817 814 900; x_wconf 90' lang='lat' dir='ltr'>esse,</span> <span class='ocrx_word' id='word_1_14' title='bbox 852 803 912 880; x_wconf 84' lang='lat' dir='ltr'>nt</span> <span class='ocrx_word' id='word_1_15' title='bbox 934 780 1101 881; x_wconf 87' lang='lat' dir='ltr'>verbis</span> <span class='ocrx_word' id='word_1_16' title='bbox 1127 783 1375 880; x_wconf 89' lang='lat' dir='ltr'>elementa</span> <span class='ocrx_word' id='word_1_17' title='bbox 1398 779 1642 898; x_wconf 90' lang='lat' dir='ltr'>videmus,</span> 
     </span>
    </p>

    <p class='ocr_par' dir='ltr' id='par_1_4' title="bbox 326 949 1646 1265">
     <span class='ocr_line' id='line_1_4' title="bbox 326 949 1646 1090; baseline 0.001 -38"><span class='ocrx_word' id='word_1_18' title='bbox 326 949 494 1072; x_wconf 84' lang='lat' dir='ltr'>Quam</span> <span class='ocrx_word' id='word_1_19' title='bbox 520 954 625 1053; x_wconf 90' lang='lat' dir='ltr'>sine</span> <span class='ocrx_word' id='word_1_20' title='bbox 650 954 911 1090; x_wconf 80' lang='lat' dir='ltr'>principiis</span> <span class='ocrx_word' id='word_1_21' title='bbox 936 956 1091 1056; x_wconf 81' lang='lat' dir='ltr'>ullam</span> <span class='ocrx_word' id='word_1_22' title='bbox 1115 991 1221 1055; x_wconf 88' lang='lat' dir='ltr'>rem</span> <span class='ocrx_word' id='word_1_23' title='bbox 1249 956 1461 1054; x_wconf 83' lang='lat' dir='ltr'>existere</span> <span class='ocrx_word' id='word_1_24' title='bbox 1485 990 1646 1089; x_wconf 86' lang='lat' dir='ltr'>posse.</span> 
     </span>
     <span class='ocr_line' id='line_1_5' title="bbox 394 1123 1602 1265; baseline -0.001 -39"><span class='ocrx_word' id='word_1_25' title='bbox 394 1123 634 1265; x_wconf 90' lang='lat' dir='ltr'>Denique</span> <span class='ocrx_word' id='word_1_26' title='bbox 652 1166 752 1227; x_wconf 86' lang='lat' dir='ltr'>cur</span> <span class='ocrx_word' id='word_1_27' title='bbox 776 1125 1004 1227; x_wconf 86' lang='lat' dir='ltr'>homines</span> <span class='ocrx_word' id='word_1_28' title='bbox 1029 1151 1194 1228; x_wconf 87' lang='lat' dir='ltr'>tantos</span> <span class='ocrx_word' id='word_1_29' title='bbox 1220 1150 1400 1228; x_wconf 87' lang='lat' dir='ltr'>natura</span> <span class='ocrx_word' id='word_1_30' title='bbox 1424 1164 1602 1263; x_wconf 88' lang='lat' dir='ltr'>parare</span> 
     </span>
    </p>

    <p class='ocr_par' dir='ltr' id='par_1_5' title="bbox 324 1299 1757 1440">
     <span class='ocr_line' id='line_1_6' title="bbox 324 1299 1757 1440; baseline -0.001 -38"><span class='ocrx_word' id='word_1_31' title='bbox 324 1300 446 1402; x_wconf 93' lang='lat' dir='ltr'>Non</span> <span class='ocrx_word' id='word_1_32' title='bbox 473 1303 655 1438; x_wconf 89' lang='lat' dir='ltr'>potuit,</span> <span class='ocrx_word' id='word_1_33' title='bbox 693 1299 910 1438; x_wconf 91' lang='lat' dir='ltr'>pedibus</span> <span class='ocrx_word' id='word_1_34' title='bbox 936 1304 1024 1440; x_wconf 89' lang='lat' dir='ltr'>qui</span> <span class='ocrx_word' id='word_1_35' title='bbox 1050 1325 1263 1439; x_wconf 88' lang='lat' dir='ltr'>pontum</span> <span class='ocrx_word' id='word_1_36' title='bbox 1288 1339 1382 1439; x_wconf 92' lang='lat' dir='ltr'>per</span> <span class='ocrx_word' id='word_1_37' title='bbox 1404 1301 1535 1402; x_wconf 86' lang='lat' dir='ltr'>vada</span> <span class='ocrx_word' id='word_1_38' title='bbox 1551 1325 1757 1438; x_wconf 87' lang='lat' dir='ltr'><strong>possent</strong></span> 
     </span>
    </p>

    <p class='ocr_par' dir='ltr' id='par_1_6' title="bbox 321 1473 1672 1613">
     <span class='ocr_line' id='line_1_7' title="bbox 321 1473 1672 1613; baseline 0 -39"><span class='ocrx_word' id='word_1_39' title='bbox 321 1473 573 1597; x_wconf 83' lang='lat' dir='ltr'>Transire,</span> <span class='ocrx_word' id='word_1_40' title='bbox 612 1499 663 1575; x_wconf 90' lang='lat' dir='ltr'>et</span> <span class='ocrx_word' id='word_1_41' title='bbox 687 1514 896 1613; x_wconf 85' lang='lat' dir='ltr'>magnos</span> <span class='ocrx_word' id='word_1_42' title='bbox 922 1474 1154 1575; x_wconf 86' lang='lat' dir='ltr'>manibus</span> <span class='ocrx_word' id='word_1_43' title='bbox 1180 1475 1416 1575; x_wconf 88' lang='lat' dir='ltr'>divellere</span> <span class='ocrx_word' id='word_1_44' title='bbox 1443 1476 1672 1596; x_wconf 88' lang='lat' dir='ltr'>monteis,</span> 
     </span>
    </p>

    <p class='ocr_par' dir='ltr' id='par_1_7' title="bbox 324 1647 1456 1788">
     <span class='ocr_line' id='line_1_8' title="bbox 324 1647 1456 1788; baseline 0 -39"><span class='ocrx_word' id='word_1_45' title='bbox 324 1647 597 1788; x_wconf 84' lang='lat' dir='ltr'>Multaque</span> <span class='ocrx_word' id='word_1_46' title='bbox 622 1648 836 1750; x_wconf 90' lang='lat' dir='ltr'>vivendo</span> <span class='ocrx_word' id='word_1_47' title='bbox 862 1650 1033 1750; x_wconf 85' lang='lat' dir='ltr'>vitalia</span> <span class='ocrx_word' id='word_1_48' title='bbox 1056 1650 1255 1749; x_wconf 90' lang='lat' dir='ltr'>vincere</span> <span class='ocrx_word' id='word_1_49' title='bbox 1282 1650 1456 1749; x_wconf 86' lang='lat' dir='ltr'>saecla:</span> 
     </span>
    </p>

    <p class='ocr_par' dir='ltr' id='par_1_8' title="bbox 324 1821 1569 1962">
     <span class='ocr_line' id='line_1_9' title="bbox 324 1821 1569 1962; baseline -0.002 -38"><span class='ocrx_word' id='word_1_50' title='bbox 324 1823 378 1925; x_wconf 89' lang='lat' dir='ltr'>Si</span> <span class='ocrx_word' id='word_1_51' title='bbox 404 1864 503 1924; x_wconf 91' lang='lat' dir='ltr'>non</span> <span class='ocrx_word' id='word_1_52' title='bbox 531 1826 762 1924; x_wconf 87' lang='lat' dir='ltr'>materies</span> <span class='ocrx_word' id='word_1_53' title='bbox 789 1824 910 1962; x_wconf 88' lang='lat' dir='ltr'>quia</span> <span class='ocrx_word' id='word_1_54' title='bbox 925 1821 1084 1923; x_wconf 84' lang='lat' dir='ltr'>rebus</span> <span class='ocrx_word' id='word_1_55' title='bbox 1109 1822 1308 1921; x_wconf 88' lang='lat' dir='ltr'>reddita</span> <span class='ocrx_word' id='word_1_56' title='bbox 1333 1844 1469 1921; x_wconf 87' lang='lat' dir='ltr'>certa</span> <span class='ocrx_word' id='word_1_57' title='bbox 1494 1845 1569 1922; x_wconf 87' lang='lat' dir='ltr'>est</span> 
     </span>
    </p>

    <p class='ocr_par' dir='ltr' id='par_1_9' title="bbox 326 1993 1556 2136">
     <span class='ocr_line' id='line_1_10' title="bbox 326 1993 1556 2136; baseline 0 -39"><span class='ocrx_word' id='word_1_58' title='bbox 326 1995 633 2136; x_wconf 84' lang='lat' dir='ltr'>Gignundis,</span> <span class='ocrx_word' id='word_1_59' title='bbox 671 2036 698 2096; x_wconf 92' lang='lat' dir='ltr'>e</span> <span class='ocrx_word' id='word_1_60' title='bbox 726 2034 828 2135; x_wconf 87' lang='lat' dir='ltr'>qua</span> <span class='ocrx_word' id='word_1_61' title='bbox 853 2017 1046 2094; x_wconf 85' lang='lat' dir='ltr'>constat</span> <span class='ocrx_word' id='word_1_62' title='bbox 1072 1993 1195 2133; x_wconf 92' lang='lat' dir='ltr'>quid</span> <span class='ocrx_word' id='word_1_63' title='bbox 1223 1996 1381 2130; x_wconf 82' lang='lat' dir='ltr'>possit</span> <span class='ocrx_word' id='word_1_64' title='bbox 1405 1997 1556 2097; x_wconf 68' lang='lat' dir='ltr'>oriri?</span> 
     </span>
    </p>

    <p class='ocr_par' dir='ltr' id='par_1_10' title="bbox 324 2165 1592 2311">
     <span class='ocr_line' id='line_1_11' title="bbox 324 2165 1592 2311; baseline -0.002 -38"><span class='ocrx_word' id='word_1_65' title='bbox 324 2172 441 2274; x_wconf 71' lang='grc' dir='ltr'>Νη</span> <span class='ocrx_word' id='word_1_66' title='bbox 462 2172 753 2311; x_wconf 85' lang='lat' dir='ltr'>igiturfieri</span> <span class='ocrx_word' id='word_1_67' title='bbox 780 2170 842 2270; x_wconf 93' lang='lat' dir='ltr'>de</span> <span class='ocrx_word' id='word_1_68' title='bbox 870 2205 1006 2268; x_wconf 70' lang='lat' dir='ltr'>nuo</span> <span class='ocrx_word' id='word_1_69' title='bbox 1034 2204 1179 2304; x_wconf 87' lang='lat' dir='ltr'>posse</span> <span class='ocrx_word' id='word_1_70' title='bbox 1204 2165 1468 2269; x_wconf 87' lang='lat' dir='ltr'>fatendum</span> <span class='ocrx_word' id='word_1_71' title='bbox 1488 2192 1592 2271; x_wconf 89' lang='lat' dir='ltr'>est:</span> 
     </span>
    </p>

    <p class='ocr_par' dir='ltr' id='par_1_11' title="bbox 324 2343 1788 2485">
     <span class='ocr_line' id='line_1_12' title="bbox 324 2343 1788 2485; baseline -0.002 -38"><span class='ocrx_word' id='word_1_72' title='bbox 324 2345 525 2447; x_wconf 90' lang='lat' dir='ltr'>Semine</span> <span class='ocrx_word' id='word_1_73' title='bbox 552 2345 757 2485; x_wconf 88' lang='lat' dir='ltr'>quando</span> <span class='ocrx_word' id='word_1_74' title='bbox 783 2384 911 2483; x_wconf 92' lang='lat' dir='ltr'>opus</span> <span class='ocrx_word' id='word_1_75' title='bbox 929 2368 1006 2445; x_wconf 91' lang='lat' dir='ltr'>est</span> <span class='ocrx_word' id='word_1_76' title='bbox 1030 2343 1198 2463; x_wconf 88' lang='lat' dir='ltr'>rebus,</span> <span class='ocrx_word' id='word_1_77' title='bbox 1226 2381 1331 2482; x_wconf 90' lang='lat' dir='ltr'>quo</span> <span class='ocrx_word' id='word_1_78' title='bbox 1360 2380 1581 2482; x_wconf 88' lang='lat' dir='ltr'>quaeque</span> <span class='ocrx_word' id='word_1_79' title='bbox 1607 2364 1788 2446; x_wconf 82' lang='lat' dir='ltr'>creatae</span> 
     </span>
    </p>

    <p class='ocr_par' dir='ltr' id='par_1_12' title="bbox 321 2518 1464 2656">
     <span class='ocr_line' id='line_1_13' title="bbox 321 2518 1464 2656; baseline 0.002 -36"><span class='ocrx_word' id='word_1_80' title='bbox 321 2520 469 2621; x_wconf 75' lang='lat' dir='ltr'>Aeris</span> <span class='ocrx_word' id='word_1_81' title='bbox 494 2522 543 2619; x_wconf 92' lang='lat' dir='ltr'>in</span> <span class='ocrx_word' id='word_1_82' title='bbox 572 2543 767 2619; x_wconf 87' lang='lat' dir='ltr'>teneras</span> <span class='ocrx_word' id='word_1_83' title='bbox 792 2521 985 2655; x_wconf 87' lang='lat' dir='ltr'>possint</span> <span class='ocrx_word' id='word_1_84' title='bbox 1008 2518 1464 2656; x_wconf 85' lang='lat' dir='ltr'>proferrierauras.</span> 
     </span>
    </p>

    <p class='ocr_par' dir='ltr' id='par_1_13' title="bbox 285 2693 1657 2831">
     <span class='ocr_line' id='line_1_14' title="bbox 285 2693 1657 2831; baseline -0.001 -34"><span class='ocrx_word' id='word_1_85' title='bbox 285 2744 290 2753; x_wconf 93' lang='lat'>·</span> <span class='ocrx_word' id='word_1_86' title='bbox 389 2693 649 2813; x_wconf 87' lang='lat' dir='ltr'>Postremo</span> <span class='ocrx_word' id='word_1_87' title='bbox 676 2695 915 2831; x_wconf 87' lang='lat' dir='ltr'>quoniam</span> <span class='ocrx_word' id='word_1_88' title='bbox 939 2693 1141 2793; x_wconf 86' lang='lat' dir='ltr'>incultis</span> <span class='ocrx_word' id='word_1_89' title='bbox 1165 2715 1404 2828; x_wconf 83' lang='lat' dir='ltr'>praestare</span> <span class='ocrx_word' id='word_1_90' title='bbox 1427 2693 1657 2796; x_wconf 87' lang='lat' dir='ltr'>videmus</span> 
     </span>
    </p>

    <p class='ocr_par' dir='ltr' id='par_1_14' title="bbox 323 2868 1674 2994">
     <span class='ocr_line' id='line_1_15' title="bbox 323 2868 1674 2994; baseline -0.001 -21"><span class='ocrx_word' id='word_1_91' title='bbox 323 2871 476 2974; x_wconf 82' lang='lat' dir='ltr'>Culta</span> <span class='ocrx_word' id='word_1_92' title='bbox 499 2874 624 2992; x_wconf 90' lang='lat' dir='ltr'>loca,</span> <span class='ocrx_word' id='word_1_93' title='bbox 651 2893 702 2969; x_wconf 90' lang='lat' dir='ltr'>et</span> <span class='ocrx_word' id='word_1_94' title='bbox 725 2868 959 2969; x_wconf 87' lang='lat' dir='ltr'>manibus</span> <span class='ocrx_word' id='word_1_95' title='bbox 986 2869 1233 2969; x_wconf 89' lang='lat' dir='ltr'>melioreis</span> <span class='ocrx_word' id='word_1_96' title='bbox 1257 2868 1470 2968; x_wconf 84' lang='lat' dir='ltr'><strong>reddere</strong></span> <span class='ocrx_word' id='word_1_97' title='bbox 1495 2868 1674 2994; x_wconf 83' lang='lat' dir='ltr'>foetus3</span> 
     </span>
    </p>

    <p class='ocr_par' dir='ltr' id='par_1_15' title="bbox 320 3042 1457 3177">
     <span class='ocr_line' id='line_1_16' title="bbox 320 3042 1457 3177; baseline -0.004 -29"><span class='ocrx_word' id='word_1_98' title='bbox 320 3046 443 3148; x_wconf 88' lang='lat' dir='ltr'>Esse</span> <span class='ocrx_word' id='word_1_99' title='bbox 467 3046 701 3148; x_wconf 87' lang='lat' dir='ltr'>videlieet</span> <span class='ocrx_word' id='word_1_100' title='bbox 724 3044 778 3142; x_wconf 91' lang='lat' dir='ltr'>in</span> <span class='ocrx_word' id='word_1_101' title='bbox 802 3043 948 3142; x_wconf 90' lang='lat' dir='ltr'>terris</span> <span class='ocrx_word' id='word_1_102' title='bbox 971 3042 1248 3177; x_wconf 84' lang='lat' dir='ltr'>primordia</span> <span class='ocrx_word' id='word_1_103' title='bbox 1272 3079 1457 3164; x_wconf 86' lang='lat' dir='ltr'>rerum,</span> 
     </span>
    </p>

    <p class='ocr_par' dir='ltr' id='par_1_16' title="bbox 322 3215 1586 3353">
     <span class='ocr_line' id='line_1_17' title="bbox 322 3215 1586 3353; baseline -0.004 -31"><span class='ocrx_word' id='word_1_104' title='bbox 322 3219 455 3341; x_wconf 80' lang='lat' dir='ltr'>Quae</span> <span class='ocrx_word' id='word_1_105' title='bbox 481 3258 588 3338; x_wconf 90' lang='lat' dir='ltr'>nos,</span> <span class='ocrx_word' id='word_1_106' title='bbox 613 3215 872 3318; x_wconf 83' lang='lat' dir='ltr'>foecundas</span> <span class='ocrx_word' id='word_1_107' title='bbox 896 3237 1146 3315; x_wconf 88' lang='lat' dir='ltr'>vertentes</span> <span class='ocrx_word' id='word_1_108' title='bbox 1170 3253 1370 3316; x_wconf 89' lang='lat' dir='ltr'>vomere</span> <span class='ocrx_word' id='word_1_109' title='bbox 1396 3216 1586 3353; x_wconf 79' lang='lat' dir='ltr'>glebas,</span> 
     </span>
    </p>

    <p class='ocr_par' dir='ltr' id='par_1_17' title="bbox 316 3387 1574 3532">
     <span class='ocr_line' id='line_1_18' title="bbox 316 3387 1574 3532; baseline -0.005 -36"><span class='ocrx_word' id='word_1_110' title='bbox 316 3394 597 3532; x_wconf 83' lang='lat' dir='ltr'>Terrai&#39;que</span> <span class='ocrx_word' id='word_1_111' title='bbox 623 3393 785 3491; x_wconf 89' lang='lat' dir='ltr'>solum</span> <span class='ocrx_word' id='word_1_112' title='bbox 811 3387 1118 3527; x_wconf 83' lang='lat' dir='ltr'>subigentes,</span> <span class='ocrx_word' id='word_1_113' title='bbox 1144 3391 1303 3489; x_wconf 87' lang='lat' dir='ltr'>cimus</span> <span class='ocrx_word' id='word_1_114' title='bbox 1327 3387 1391 3487; x_wconf 86' lang='lat' dir='ltr'>ad</span> <span class='ocrx_word' id='word_1_115' title='bbox 1416 3412 1574 3490; x_wconf 87' lang='lat' dir='ltr'>ortus.</span> 
     </span>
    </p>

    <p class='ocr_par' dir='ltr' id='par_1_18' title="bbox 322 3561 1691 3701">
     <span class='ocr_line' id='line_1_19' title="bbox 322 3561 1691 3701; baseline -0.004 -31"><span class='ocrx_word' id='word_1_116' title='bbox 322 3569 476 3691; x_wconf 80' lang='lat' dir='ltr'>Quod</span> <span class='ocrx_word' id='word_1_117' title='bbox 504 3571 542 3667; x_wconf 90' lang='lat' dir='ltr'>si</span> <span class='ocrx_word' id='word_1_118' title='bbox 572 3566 712 3665; x_wconf 87' lang='lat' dir='ltr'>nulla</span> <span class='ocrx_word' id='word_1_119' title='bbox 735 3564 917 3682; x_wconf 90' lang='lat' dir='ltr'>forent,</span> <span class='ocrx_word' id='word_1_120' title='bbox 944 3586 1114 3662; x_wconf 86' lang='lat' dir='ltr'>nostro</span> <span class='ocrx_word' id='word_1_121' title='bbox 1140 3564 1246 3662; x_wconf 92' lang='lat' dir='ltr'>sine</span> <span class='ocrx_word' id='word_1_122' title='bbox 1273 3601 1494 3701; x_wconf 86' lang='lat' dir='ltr'>quaeque</span> <span class='ocrx_word' id='word_1_123' title='bbox 1519 3561 1691 3665; x_wconf 89' lang='lat' dir='ltr'>labore</span> 
     </span>
    </p>
   </div>
   <div class='ocr_carea' id='block_1_3' title="bbox 320 3735 1413 3882">
    <p class='ocr_par' dir='ltr' id='par_1_19' title="bbox 320 3735 1413 3882">
     <span class='ocr_line' id='line_1_20' title="bbox 320 3735 1413 3882; baseline -0.005 -39"><span class='ocrx_word' id='word_1_124' title='bbox 320 3743 513 3882; x_wconf 85' lang='lat' dir='ltr'>Sponte</span> <span class='ocrx_word' id='word_1_125' title='bbox 540 3778 630 3840; x_wconf 89' lang='lat' dir='ltr'>sua</span> <span class='ocrx_word' id='word_1_126' title='bbox 655 3738 814 3837; x_wconf 89' lang='lat' dir='ltr'>multo</span> <span class='ocrx_word' id='word_1_127' title='bbox 839 3735 948 3835; x_wconf 87' lang='lat' dir='ltr'>fieri</span> <span class='ocrx_word' id='word_1_128' title='bbox 974 3737 1181 3836; x_wconf 87' lang='lat' dir='ltr'>meliora</span> <span class='ocrx_word' id='word_1_129' title='bbox 1204 3735 1413 3837; x_wconf 87' lang='lat' dir='ltr'>videres.</span> 
     </span>
    </p>
   </div>
   <div class='ocr_carea' id='block_1_4' title="bbox 316 3909 1760 4922">
    <p class='ocr_par' dir='ltr' id='par_1_20' title="bbox 317 3909 1760 4221">
     <span class='ocr_line' id='line_1_21' title="bbox 389 3909 1760 4048; baseline -0.004 -31"><span class='ocrx_word' id='word_1_130' title='bbox 389 3914 508 4018; x_wconf 88' lang='lat' dir='ltr'>Huc</span> <span class='ocrx_word' id='word_1_131' title='bbox 533 3910 742 4029; x_wconf 84' lang='lat' dir='ltr'>accedit,</span> <span class='ocrx_word' id='word_1_132' title='bbox 770 3911 846 4009; x_wconf 89' lang='lat' dir='ltr'>uti</span> <span class='ocrx_word' id='word_1_133' title='bbox 874 3909 1104 4048; x_wconf 89' lang='lat' dir='ltr'>quidque</span> <span class='ocrx_word' id='word_1_134' title='bbox 1130 3910 1184 4009; x_wconf 90' lang='lat' dir='ltr'>in</span> <span class='ocrx_word' id='word_1_135' title='bbox 1209 3946 1535 4045; x_wconf 76' lang='lat' dir='ltr'>suaeorpora</span> <span class='ocrx_word' id='word_1_136' title='bbox 1558 3947 1760 4013; x_wconf 89' lang='lat' dir='ltr'>rursum</span> 
     </span>
     <span class='ocr_line' id='line_1_22' title="bbox 317 4080 1717 4221; baseline -0.004 -27"><span class='ocrx_word' id='word_1_137' title='bbox 317 4091 574 4195; x_wconf 90' lang='lat' dir='ltr'>Dissolvat</span> <span class='ocrx_word' id='word_1_138' title='bbox 597 4108 792 4204; x_wconf 85' lang='lat' dir='ltr'>natura,</span> <span class='ocrx_word' id='word_1_139' title='bbox 818 4120 986 4221; x_wconf 90' lang='lat' dir='ltr'>neque</span> <span class='ocrx_word' id='word_1_140' title='bbox 1012 4083 1073 4182; x_wconf 90' lang='lat' dir='ltr'>ad</span> <span class='ocrx_word' id='word_1_141' title='bbox 1103 4080 1319 4183; x_wconf 90' lang='lat' dir='ltr'>nihilum</span> <span class='ocrx_word' id='word_1_142' title='bbox 1344 4086 1600 4186; x_wconf 85' lang='lat' dir='ltr'>interimat</span> <span class='ocrx_word' id='word_1_143' title='bbox 1622 4124 1717 4189; x_wconf 86' lang='lat' dir='ltr'>res.</span> 
     </span>
    </p>

    <p class='ocr_par' dir='ltr' id='par_1_21' title="bbox 316 4258 1697 4922">
     <span class='ocr_line' id='line_1_23' title="bbox 387 4258 1697 4400; baseline -0.005 -32"><span class='ocrx_word' id='word_1_144' title='bbox 387 4264 543 4385; x_wconf 91' lang='lat' dir='ltr'>Nam,</span> <span class='ocrx_word' id='word_1_145' title='bbox 571 4265 611 4364; x_wconf 88' lang='lat' dir='ltr'>si</span> <span class='ocrx_word' id='word_1_146' title='bbox 639 4260 764 4400; x_wconf 90' lang='lat' dir='ltr'>quid</span> <span class='ocrx_word' id='word_1_147' title='bbox 790 4261 999 4360; x_wconf 82' lang='lat' dir='ltr'>mortale</span> <span class='ocrx_word' id='word_1_148' title='bbox 1025 4299 1053 4361; x_wconf 93' lang='lat' dir='ltr'>e</span> <span class='ocrx_word' id='word_1_149' title='bbox 1079 4261 1272 4361; x_wconf 87' lang='lat' dir='ltr'>cunetis</span> <span class='ocrx_word' id='word_1_150' title='bbox 1297 4258 1527 4397; x_wconf 89' lang='lat' dir='ltr'>partibus</span> <span class='ocrx_word' id='word_1_151' title='bbox 1553 4284 1697 4383; x_wconf 87' lang='lat' dir='ltr'>esset,</span> 
     </span>
     <span class='ocr_line' id='line_1_24' title="bbox 319 4435 1609 4573; baseline -0.009 -29"><span class='ocrx_word' id='word_1_152' title='bbox 319 4443 400 4544; x_wconf 87' lang='lat' dir='ltr'>Ex</span> <span class='ocrx_word' id='word_1_153' title='bbox 425 4440 583 4542; x_wconf 91' lang='lat' dir='ltr'>oculis</span> <span class='ocrx_word' id='word_1_154' title='bbox 608 4473 686 4536; x_wconf 91' lang='lat' dir='ltr'>res</span> <span class='ocrx_word' id='word_1_155' title='bbox 712 4472 933 4573; x_wconf 87' lang='lat' dir='ltr'>quaeque</span> <span class='ocrx_word' id='word_1_156' title='bbox 959 4456 1168 4571; x_wconf 88' lang='lat' dir='ltr'>repente</span> <span class='ocrx_word' id='word_1_157' title='bbox 1193 4455 1368 4570; x_wconf 84' lang='lat' dir='ltr'>erepta</span> <span class='ocrx_word' id='word_1_158' title='bbox 1390 4435 1609 4570; x_wconf 84' lang='lat' dir='ltr'>periret3</span> 
     </span>
     <span class='ocr_line' id='line_1_25' title="bbox 318 4604 1569 4745; baseline -0.01 -26"><span class='ocrx_word' id='word_1_159' title='bbox 318 4617 481 4720; x_wconf 87' lang='lat' dir='ltr'>Nulla</span> <span class='ocrx_word' id='word_1_160' title='bbox 503 4614 553 4714; x_wconf 87' lang='lat' dir='ltr'>vi</span> <span class='ocrx_word' id='word_1_161' title='bbox 578 4610 708 4710; x_wconf 88' lang='lat' dir='ltr'>foret</span> <span class='ocrx_word' id='word_1_162' title='bbox 732 4646 853 4709; x_wconf 88' lang='lat' dir='ltr'>usus</span> <span class='ocrx_word' id='word_1_163' title='bbox 876 4609 1027 4727; x_wconf 90' lang='lat' dir='ltr'>enim,</span> <span class='ocrx_word' id='word_1_164' title='bbox 1064 4645 1180 4745; x_wconf 85' lang='lat' dir='ltr'>quae</span> <span class='ocrx_word' id='word_1_165' title='bbox 1205 4604 1436 4744; x_wconf 85' lang='lat' dir='ltr'>partibus</span> <span class='ocrx_word' id='word_1_166' title='bbox 1460 4605 1569 4742; x_wconf 88' lang='lat' dir='ltr'>ejus</span> 
     </span>
     <span class='ocr_line' id='line_1_26' title="bbox 316 4783 1576 4922; baseline -0.006 -29"><span class='ocrx_word' id='word_1_167' title='bbox 316 4790 602 4893; x_wconf 84' lang='lat' dir='ltr'>Discidium</span> <span class='ocrx_word' id='word_1_168' title='bbox 628 4822 822 4922; x_wconf 86' lang='lat' dir='ltr'>parere,</span> <span class='ocrx_word' id='word_1_169' title='bbox 849 4805 902 4882; x_wconf 91' lang='lat' dir='ltr'>et</span> <span class='ocrx_word' id='word_1_170' title='bbox 925 4819 1086 4882; x_wconf 88' lang='lat' dir='ltr'>nexus</span> <span class='ocrx_word' id='word_1_171' title='bbox 1111 4783 1365 4882; x_wconf 87' lang='lat' dir='ltr'>exsolvere</span> <span class='ocrx_word' id='word_1_172' title='bbox 1391 4805 1576 4919; x_wconf 88' lang='lat' dir='ltr'>posset.</span> 
     </span>
    </p>
   </div>
   <div class='ocr_carea' id='block_1_5' title="bbox 317 4957 1749 5179">
    <p class='ocr_par' dir='ltr' id='par_1_22' title="bbox 317 4957 1749 5179">
     <span class='ocr_line' id='line_1_27' title="bbox 317 4957 1749 5097; baseline -0.003 -31"><span class='ocrx_word' id='word_1_173' title='bbox 317 4964 474 5087; x_wconf 82' lang='lat' dir='ltr'>Quod</span> <span class='ocrx_word' id='word_1_174' title='bbox 500 4999 652 5081; x_wconf 87' lang='lat' dir='ltr'>nune,</span> <span class='ocrx_word' id='word_1_175' title='bbox 680 4980 870 5059; x_wconf 84' lang='lat' dir='ltr'>aeterno</span> <span class='ocrx_word' id='word_1_176' title='bbox 896 4957 1018 5097; x_wconf 89' lang='lat' dir='ltr'>quia</span> <span class='ocrx_word' id='word_1_177' title='bbox 1042 4977 1274 5056; x_wconf 85' lang='lat' dir='ltr'>constant</span> <span class='ocrx_word' id='word_1_178' title='bbox 1297 4957 1485 5059; x_wconf 90' lang='lat' dir='ltr'>semine</span> <span class='ocrx_word' id='word_1_179' title='bbox 1511 4994 1749 5097; x_wconf 85' lang='lat' dir='ltr'>quaeque,</span> 
     </span>
     <span class='ocr_line' id='line_1_28' title="bbox 1027 5130 1071 5179; baseline 0.023 -1"><span class='ocrx_word' id='word_1_180' title='bbox 1027 5137 1044 5178; x_wconf 81' lang='lat' dir='ltr'>c</span> <span class='ocrx_word' id='word_1_181' title='bbox 1054 5130 1071 5179; x_wconf 63' lang='grc' dir='ltr'><strong><em>ἲ</em></strong></span> 
     </span>
    </p>
   </div>
   <div class='ocr_carea' id='block_1_6' title="bbox 0 0 2220 5984">
    <p class='ocr_par' dir='ltr' id='par_1_23' title="bbox 0 0 2220 5984">
     <span class='ocr_line' id='line_1_29' title="bbox 0 0 2220 5984; baseline 0 0"><span class='ocrx_word' id='word_1_182' title='bbox 0 0 2220 5984; x_wconf 95' lang='lat' dir='ltr'> </span> 
     </span>
    </p>
   </div>
  </div>
 </body>
</html>
