4432 5984
619 428 1396 530 Amnnnsnxrus.
1691 437 1792 529 255
1935 548 1939 555 ,

297 693 450 816 Quod
479 720 603 799 tunc
630 736 723 835 per
746 718 907 797 totum
930 721 1259 799 concrescunt
1283 704 1399 800 aera
1424 697 1585 798 nubes

295 868 559 1013 Undique,
587 876 662 975 uti
688 870 923 974 tenebras
948 872 1140 972 omneis
1165 871 1463 974 Acherunta
1485 911 1689 973 reamur

295 1042 548 1183 Liquisse,
576 1071 628 1150 et
653 1085 861 1186 magnas
886 1047 994 1147 coeli
1021 1048 1296 1185 complesse
1322 1085 1588 1149 cavernas:

292 1216 627 1360 Usque-adeo
652 1246 784 1325 tetra
809 1222 1097 1323 nimborum
1123 1245 1271 1324 nocte
1297 1245 1468 1324 coorta

293 1392 603 1534 Impendent
628 1422 751 1500 atrae
776 1397 1059 1541 formidinis
1084 1436 1174 1499 ora
1199 1435 1433 1536 superne,

292 1567 464 1689 Quom
490 1575 768 1675 commoliri
794 1595 1067 1712 tempestas
1092 1571 1307 1673 fulmina
1331 1596 1531 1711 coeptat.

360 1744 630 1868 Praeterea,
651 1787 880 1886 persaepe
899 1750 1046 1887 niger
1065 1787 1274 1888 quoqne
1293 1786 1389 1887 per
1406 1787 1544 1849 mare
1563 1746 1783 1871 nimbus,

107 1991 113 2000 -
277 1915 364 2037 „Ut
390 1921 514 2058 picis
539 1960 568 2022 e
593 1923 718 2040 coelo
745 1923 1018 2023 demissum
1043 1926 1252 2044 flumen,
1280 1927 1332 2026 in
1358 1925 1521 2024 undas

288 2091 371 2196 Sic
397 2097 548 2217 cadit,
575 2120 627 2198 et
649 2095 810 2197 fertus
834 2094 1058 2199 tenebris
1082 2101 1279 2237 procul,
1308 2097 1518 2200 attrahit
1543 2122 1706 2200 atram

286 2265 608 2371 Fulminibus
633 2271 892 2409 gravidam
917 2294 1286 2411 tempestatem,
1314 2296 1469 2411 atque
1494 2275 1745 2412 procellis

285 2439 517 2582 IgnibuS,
545 2483 601 2545 ac
625 2447 788 2545 ventis
813 2447 1107 2583 cumprimis
1134 2450 1240 2587 ipse
1266 2448 1521 2584 repletus:

283 2616 345 2720 In
372 2642 507 2721 terra
532 2658 741 2760 quoque
767 2641 827 2720 nt
851 2618 1159 2744 horrescant,
1188 2660 1244 2722 ac
1270 2644 1404 2722 tecta
1428 2622 1708 2759 requirant.

284 2792 365 2895 Sic
392 2796 550 2933 igitur
574 2832 759 2933 supera
783 2817 1013 2895 nostrum
1038 2818 1193 2934 caput
1217 2832 1323 2895 esse
1345 2794 1636 2931 putandum
1662 2818 1739 2897 est

279 2965 651 3109 Tempestatem
681 2971 865 3070 altam:
904 2972 1074 3107 neque
1094 2970 1229 3070 enim
1255 2971 1471 3108 caligine
1496 2991 1639 3071 tanta

282 3142 578 3246 Obruerent
601 3168 777 3265 terras,
804 3146 900 3245 nisi
925 3145 1231 3247 inaedificata
1255 3184 1472 3285 superne

279 3319 451 3423 Multa
475 3322 642 3423 forent
666 3322 837 3422 multis
862 3343 1064 3420 exemto
1089 3319 1267 3421 nubila
1291 3322 1424 3423 sole:

279 3494 394 3598 Nec
419 3519 561 3597 tanto
586 3518 792 3634 possent
818 3495 928 3597 haec
952 3518 1111 3596 terras
1137 3498 1424 3634 opprimere
1452 3495 1617 3618 imbri,

278 3670 514 3773 Flumina
537 3670 798 3775 abundare
824 3695 884 3772 nt
907 3670 1147 3791 facerent,
1175 3707 1482 3809 camposque
1510 3695 1699 3797 natare,

276 3847 331 3952 Si
356 3888 458 3950 non
485 3849 752 3948 exstructis
777 3845 908 3946 foret
932 3845 1031 3945 alte
1057 3842 1281 3945 nubibus
1307 3845 1482 3948 aether.

344 4023 442 4126 His
465 4026 626 4164 igitur
651 4023 813 4124 ventis
839 4044 995 4161 atque
1020 4016 1225 4158 ignibus
1250 4022 1419 4120 omnia
1444 4021 1598 4160 plena

273 4197 435 4325 Sunt3
475 4201 590 4301 ideo
614 4199 801 4337 passim
826 4195 1057 4296 fremitus
1083 4216 1134 4294 et
1158 4191 1366 4332 fulgura
1389 4194 1551 4297 fiunt:

273 4370 483 4512 Quippe
509 4374 696 4474 etenim
721 4409 904 4511 supera
929 4370 1097 4490 docui,
1124 4370 1380 4508 permulta
1403 4372 1603 4507 vaporis

271 4546 476 4651 Semina
501 4544 687 4648 habere
714 4584 857 4648 cavas
883 4542 1095 4669 nuheis3
1134 4566 1187 4644 et
1210 4544 1371 4644 multa
1394 4581 1595 4646 necesse
1620 4570 1695 4649 est

271 4720 552 4864 Concipere
580 4761 645 4823 ex
670 4724 786 4823 solis
810 4724 979 4843 radiis,
1007 4721 1291 4859 ardoreque
1316 4758 1508 4825 eorum.

268 4874 371 5000 Hic
395 4898 487 5001 ubi
512 4922 691 5000 ventus
716 4936 799 4999 eas
824 4898 959 4998 idem
987 4897 1078 5037 qui
1103 4896 1240 5035 cogit
1264 4899 1316 4997 in
1343 4934 1503 4999 unum

268 5072 420 5178 Forte
445 5076 613 5178 locum
637 5075 885 5218 quemvis,
912 5074 1162 5216 expressit
1187 5072 1349 5176 multa
1370 5074 1571 5213 vaporis
