4432 5984
722 417 994 506 LIBER
1058 408 1462 510 QUINTUS.
1711 405 1810 496 9⁶25

328 672 373 771 A
399 675 562 809 parvis
590 675 728 812 quod
755 675 889 774 enim
915 691 1216 771 consuerant
1241 705 1442 767 cernere
1468 703 1667 802 semper

325 846 539 946 Alterno
564 847 812 966 tenebrae,
841 868 891 945 et
915 845 1079 946 lucenr
1106 867 1333 981 ternpore
1360 845 1520 982 gigni,

329 1017 451 1161 Non
478 1045 600 1142 erat,
627 1013 687 1124 ut
711 1024 819 1124 lieri
845 1041 1028 1159 posset,
1056 1020 1281 1119 mirarier
1309 1056 1549 1155 unquam,

330 1192 445 1294 Nec
471 1194 716 1316 diffidere,
743 1234 805 1296 ne
830 1218 987 1293 terras
1013 1216 1203 1293 aeterna
1228 1214 1425 1291 teneret

330 1366 378 1468 N
386 1408 468 1488 or,
489 1371 540 1470 in
568 1392 871 1507 perpetuum
899 1367 1123 1467 detracto
1150 1367 1339 1466 lumine
1366 1367 1496 1467 solis.

330 1540 430 1641 Sed
457 1545 617 1679 magis
643 1545 767 1644 illud
795 1565 903 1649 erat
927 1579 1079 1659 curae,
1108 1541 1246 1678 quod
1274 1543 1420 1642 saecla
1440 1541 1657 1691 ferarum

329 1712 572 1814 Infestam
597 1717 787 1816 miseris
811 1713 1064 1814 faciebant
1088 1753 1222 1853 saepe
1244 1717 1499 1854 quietern:

328 1874 597 2031 Ejectique
624 1891 772 1991 domo
790 1889 1056 2029 fugiebant
1082 1929 1231 1990 saxea
1256 1912 1388 1989 tecta

331 2064 546 2202 Setigeri
573 2068 673 2165 suis
699 2068 918 2168 adventu
943 2067 1201 2203 validique
1226 2065 1401 2182 leonia,

329 2238 501 2376 Atque
526 2243 830 2378 intempesta
853 2241 1103 2344 cedebant
1128 2262 1274 2340 nocte
1302 2261 1539 2375 paventes

333 2413 635 2551 Hospitibus
662 2419 804 2516 saevis
829 2419 1039 2517 instrata
1064 2413 1251 2517 cubilia
1269 2412 1464 2516 fronde.

405 2588 517 2690 Nec
544 2591 698 2689 nimio
724 2612 832 2690 tum
858 2591 973 2728 plus
1000 2626 1155 2728 quarn
1182 2626 1318 2689 nunc
1346 2571 1576 2690 mortalia
1600 2591 1748 2691 saecla

334 2764 524 2867 Dulcia
545 2762 848 2901 linquebant
872 2763 1088 2864 labentis
1113 2763 1306 2864 lumina
1326 2764 1456 2864 vitae.

332 2937 480 3041 Unus
505 2939 638 3036 enirn
663 2960 773 3037 turn
801 2940 1019 3077 quisque
1045 2935 1206 3072 magis
1231 2935 1509 3072 deprensus
1534 2973 1708 3038 eorum

332 3110 529 3214 Pabula
553 3114 663 3211 viva
688 3110 805 3211 feris
829 3110 1092 3248 praebebat
1118 3107 1354 3210 dentibus
1379 3108 1617 3210 haustus:

340 3286 406 3388 Et
431 3323 635 3385 nemora
659 3323 715 3385 ae
741 3288 954 3385 monteis
980 3286 1173 3423 gemitu
1201 3285 1469 3424 sylvasque
1496 3283 1740 3422 replebat,

335 3457 463 3560 Viva
487 3457 662 3557 videns
685 3458 797 3557 vivo
824 3459 1025 3596 sepeliri
1051 3459 1241 3560 viscera
1266 3457 1431 3560 bustu.

337 3635 403 3733 At
428 3670 555 3772 quos
582 3629 828 3768 effugium
855 3635 1089 3754 servbrat,
1118 3671 1326 3772 corpore
1352 3635 1518 3754 adesa

333 3805 588 3907 Posterius
612 3806 853 3906 tremulas
878 3845 1032 3947 super
1056 3808 1227 3908 ulcera
1251 3830 1381 3910 tetra
1404 3831 1633 3910 tenentes

334 3979 549 4099 Palmae,
577 3976 832 4083 horriferis
858 3982 1089 4085 accibant
1112 3968 1317 4085 vocibus
1343 4022 1532 4107 orcum,
1761 3949 1764 3953 .

335 4154 592 4259 Donicum
617 4196 701 4257 eos
725 4159 828 4258 vita
851 4160 1117 4297 privbrunt
1140 4163 1364 4262 vermina
1389 4199 1534 4284 saeva,

336 4333 605 4471 Experteis
630 4336 756 4470 opis,
783 4335 984 4471 ignaros
1009 4335 1134 4472 quid
1160 4336 1368 4438 volnera
1393 4337 1594 4439 vellent.

404 4507 477 4609 At
499 4544 602 4607 non
628 4507 787 4608 multa
810 4510 972 4610 virbm
998 4509 1092 4610 sub
1118 4512 1275 4649 signis
1300 4513 1457 4612 millia
1482 4513 1634 4615 ducta

334 4684 455 4790 Una
479 4682 585 4782 dies
611 4678 766 4780 dabat
788 4682 971 4787 exitio:
1011 4723 1104 4786 nec
1129 4685 1334 4789 turbida
1360 4691 1501 4826 ponti

335 4866 567 5004 AEquora
591 4858 848 4963 laedebant
871 4898 1022 4963 naves
1047 4862 1111 4962 ad
1139 4899 1274 4982 saxa,
1299 4863 1551 5002 virosq'ue.

338 5038 444 5144 Sed.
463 5059 668 5156 temere,
695 5035 962 5160 incassum,
989 5036 1178 5141 frustra
1202 5074 1339 5139 mare
1365 5076 1499 5177 saepe
1524 5063 1748 5142 coortum

1057 5220 1073 5270 2
1085 5224 1109 5269 tr
