4432 5984
731 390 1434 484 'LIBER-SEXTUS.
1544 396 1553 419 '
1772 385 1876 499 269

378 653 649 772 Naturam,
680 690 784 792 quo
809 675 981 752 tantus
1006 650 1115 752 fuat
1142 653 1384 754 decursus
1411 690 1677 791 aquarum,

378 829 567 931 Omnia
589 864 696 966 quo
722 829 928 929 veniant
952 867 1016 929 ex
1041 831 1179 930 omni
1206 831 1416 930 flumina
1440 851 1614 966 parte:

373 1003 701 1141 Addevagos
729 1000 949 1123 imbreiS,
977 1026 1407 1143 tempestatesque
1430 1003 1674 1106 volanteis
1690 1047 1705 1130 ;
1776 1092 1778 1097 .

336 1233 338 1237 ¹
377 1179 567 1281 Omnia
586 1217 703 1317 quae
729 1178 886 1277 maria
904 1216 961 1279 ac
986 1201 1157 1278 terras⁴
1171 1201 1522 1318 sparguntque
1542 1179 1841 1320 figentque„

373 1355 524 1456 Adde
551 1391 667 1454 suos
694 1351 906 1453 fonteis:
944 1376 1114 1453 tamen
1140 1354 1208 1454 ad
1233 1357 1385 1459 maris
1410 1355 1580 1455 omnia
1604 1392 1851 1459 summam

378 1527 558 1632 Guttai'
583 1529 665 1629 vix
696 1528 852 1628 instar
876 1550 1027 1627 erunt
1052 1529 1202 1630 unius
1228 1530 1294 1631 ad
1319 1568 1568 1668 augmen:

379 1702 497 1827 Quo
524 1705 691 1803 minus
716 1724 793 1802 est
818 1701 1019 1822 mirum,
1040 1741 1176 1804 mare
1198 1743 1298 1804 non
1321 1743 1589 1842 augescere
1610 1743 1868 1843 magnum.

446 1879 714 1994 Praeterea‚
743 1914 977 2014 magnam
1003 1875 1076 1974 sol
1101 1900 1297 2013 partem
1324 1877 1547 1979 detrahit
1571 1901 1729 1980 aestu·:

379 2058 589 2194 Quippe
615 2053 844 2183 videmus
868 2053 1002 2151 enim
1028 2054 1209 2153 vesteis
1234 2051 1445 2153 humore
1467 2055 1747 2156 madenteis
1840 2100 1845 2153 ;

377 2234 644 2336 Exsiccare
671 2230 774 2330 suis
798 2228 950 2328 radiis
977 2227 1272 2330 ardentibus
1298 2229 1453 2331 solem
1472 2272 1498 2332 t.

376 2411 448 2512 At
472 2409 651 2547 pelage
679 2405 853 2524 multa,
868 2426 933 2503 et
956 2404 1058 2504 late
1084 2400 1339 2503 substrata
1363 2405 1608 2507 videmus.

377 2585 598 2687 Proinde
626 2584 742 2683 licet
767 2580 998 2719 quamvis
1023 2617 1086 2678 ex
1113 2619 1216 2680 uno
1243 2619 1453 2720 quoque
1477 2584 1589 2684 loco
1606 2584 1689 2683 sol'

380 2758 623 2861 Humoris
647 2792 853 2892 parvam
880 2751 1072 2852 delibet
1097 2750 1161 2853 ab
1187 2793 1396 2894 aequore
1424 2782 1649 2895 partem:

379 2937 612 3076 Largiter
637 2936 688 3032 in
714 2955 856 3032 tanto
882 2929 1046 3066 spatio
1071 2952 1241 3029 tamen
1265 2929 1655 3035 auferetundis.

324 3089 327 3093 7
444 3111 578 3213 Tum
604 3147 757 3248 porro
776 3106 912 3249 venti
939 3140 1175 3240 magnam
1200 3143 1408 3244 quoque
1434 3110 1612 3211 tollere
1636 3133 1834 3249 partem

378 3286 431 3390 H
438 3287 622 3387 umoris
648 3304 859 3421 possunt
885 3301 1140 3380 verrentes
1164 3284 1575 3419 aequoratponti:

377 3461 498 3566 Una
523 3483 668 3561 nocte
695 3459 798 3558 vias
825 3456 1066 3594 quoniam
1091 3494 1321 3594 persaepe
1345 3458 1577 3561 videmus

379 3637 582 3756 Siccari,
609 3633 877 3769 mollisque
904 3629 998 3729 tuti
1023 3669 1343 3733 concrescere
1368 3658 1578 3738 crustas.

449 3811 726 3933 Praeterea,¹
746 3807 892 3908 docui
922 3806 1139 3907 multum
1166 3845 1375 3947 quoque
1400 3811 1578 3911 tollere
1604 3809 1785 3912 nnbeis

299 4044 304 4054 ·
383 3988 662 4090 Humorem
691 4018 876 4121 magno
902 4006 1205 4122 conceptum
1231 4025 1296 4085 ex
1322 4022 1530 4125 aequore
1556 3984 1730 4122 ponti:

381 4161 452 4265 Et
474 4161 659 4300 passim
685 4179 791 4258 toto
817 4114 1067 4257 terrarum
1093 4196 1331 4298 spargere
1356 4161 1410 4260 in
1435 4158 1574 4280 orbe,

381 4335 552 4459 Quom
577 4335 712 4470 pluit
736 4332 789 4431 in
818 4308 976 4449 terrie,
1004 4355 1056 4430 et
1080 4336 1218 4433 venti
1245 4332 1424 4435 nubila
1448 4357 1670 4472 portant.

450 4512 729 4628 Postremo,
758 4506 1000 4645 qnoniam
1026 4548 1140 4610 raro
1166 4548 1281 4610 curn
1307 4548 1518 4649 corpore
1545 4511 1696 4610 telius

333 4761 341 4772 ι
382 4688 476 4792 Est
500 4710 552 4788 et
576 4685 847 4822 conjuncta
871 4706 963 4806 est,
989 4724 1102 4785 oras
1128 4687 1278 4786 maris
1302 4685 1535 4824 undique
1557 4686 1796 4824 cingens:

381 4861 569 4984 Debet,
595 4862 731 4963 utin
757 4901 894 4964 mare
919 4863 984 4962 de
1007 4862 1154 4961 terris
1179 4862 1318 4963 venit
1342 4858 1527 4961 humor
1547 4868 1719 5000 aquai,

382 5037 443 5141 In
470 5062 628 5139 terras
653 5037 830 5142 itidem
856 5076 1062 5141 manare
1087 5076 1154 5138 ex
1178 5075 1386 5178 aequore
1410 5037 1569 5158 salso;
