4432 5984
764 359 1040 501 urens
1093 360 1452 456 essuos.
1538 496 1541 501 ἢ
1790 366 1859 473 ³9

438 610 595 714 Nune
614 651 726 753 age,
750 616 891 756 quod
922 638 1153 754 superest
1175 656 1437 755 cognosce,
1454 642 1507 720 et
1520 621 1703 726 elarius
1717 625 1863 736 sudi.-

367 783 481 886 Nee
505 825 585 886 me
612 789 766 889 animi
790 789 924 890 fallit
947 827 1102 928 quem
1128 792 1229 892 sint
1251 789 1481 914 obscura,
1508 793 1594 895 sed
1622 798 1725 901 acri

363 956 618 1061 Percussit
641 959 818 1101 thyrso
842 962 1008 1063 leudis
1031 1001 1146 1101 spes
1173 1004 1357 1106 magna
1379 1003 1550 1069 meum
1574 1007 1679 1092 cor,

366 1122 435 1233 Et
459 1125 609 1234 simul
634 1135 844 1235 incussit
866 1172 1070 1237 suavem
1094 1141 1164 1240 mi
1189 1141 1243 1242 in
1267 1163 1445 1279 pectus
1471 1180 1693 1247 amorem
1857 1249 1860 1257 ,

366 1305 667 1434 Musarum3
704 1347 809 1448 quo
834 1347 970 1409 nunc
994 1310 1279 1436 instinctus,
1306 1317 1693 1456 mentevigenti

362 1483 491 1586 Avia
510 1483 774 1587 Pieridum
799 1522 1017 1623 peragro
1041 1485 1167 1607 ioca,
1190 1489 1385 1591 nullius
1409 1513 1526 1633 ante
1600 1628 1605 1636 Ι
1748 1629 1755 1639 .

364 1655 509 1760 Trita
526 1660 631 1759 solo
648 1700 661 1759 t
680 1659 828 1796 juvat
844 1661 1069 1798 integ-ros
1093 1661 1332 1762 accedere
1356 1661 1556 1783 fonteis,

363 1831 538 1970 Atque
565 1829 795 1960 haurire3
825 1831 1077 1972 juvatque
1102 1872 1256 1936 novos
1280 1835 1552 1974 decerpere
1577 1837 1727 1937 flores
1741 1877 1756 1960 3

364 2002 727 2144 insignemque
752 2043 864 2145 meo
889 2007 1042 2144 capiti
1065 2029 1239 2144 petere
1264 2007 1659 2129 indecorem,

362 2175 516 2282 Unde
542 2180 684 2317 prius
708 2180 836 2281 nulli
854 2180 1316 2318 veldrinttempora
1340 2179 1523 2287 Musae.
1759 2317 1765 2331 Ι

363 2349 592 2455 Primum
616 2353 759 2492 quod
782 2353 980 2491 maguis
999 2352 1160 2457 doceo
1184 2354 1250 2457 de
1275 2354 1444 2478 rebus,
1463 2379 1517 2459 et
1540 2358 1689 2460 aretis

362 2524 713 2668 Relligionum
733 2528 925 2629 animos
943 2527 1096 2629 nodis
1119 2529 1374 2631 exsolvere
1399 2568 1587 2670 pergo:

363 2701 566 2844 Deinde
586 2703 731 2843 quod
756 2701 969 2802 obscure
992 2701 1130 2803 dere
1149 2725 1254 2803 tam
1278 2683 1448 2845 lucide
1471 2742 1642 2844 pango

364 2876 617 2998 Carmine,
637 2861 827 3012 musoeo
846 2876 1143 3014 contingens
1161 2896 1344 3003 cuneta
1366 2876 1540 3014 lepore
1556 2919 1571 3001 3

361 3049 424 3153 Id
451 3091 659 3192 qnoque
684 3052 820 3152 enirn
843 3087 947 3150 non
965 3047 1036 3151 ab
1060 3047 1203 3150 nulla
1226 3048 1419 3151 ratione
1443 3048 1672 3155 videtur:

362 3225 464 3326 Sed
486 3227 643 3328 veluti
666 3224 838 3364 pueris
855 3221 1115 3324 absinthia
1136 3245 1266 3324 tetra
1289 3222 1549 3360 medentes

363 3397 535 3520 Quom
561 3399 682 3544 dare
705 3418 967 3518 conantur,
991 3396 1133 3535 prius
1158 3370 1270 3497 oras
1292 3398 1476 3534 pocula
1498 3399 1708 3554 circum·

363 3573 683 3712 Contingunt
706 3573 868 3673 mellis
893 3570 1030 3674 dulci
1054 3572 1290 3710 flavoque
1314 3569 1531 3709 liquore,

360 3744 438 3852 Ut
462 3784 738 3885 puerorum
763 3767 884 3846 aetus
906 3745 1189 3883 improvida
1211 3741 1524 3891 ludificetur·
1550 3720 1553 3725 >

362 3919 647 4024 Labrorum
672 3943 840 4039 tenus,
865 3919 1058 4055 interea
1079 3937 1314 4057 perpotet
1332 3955 1559 4025 amarum

358 4075 599 4198 Ah'sintht
622 4095 840 4214 laticem,
865 4092 1187 4232 deceptaque
1213 4128 1317 4194 non
1342 4095 1593 4230 capietur,
1654 4222 1658 4227 ⁵

360 4270 464 4372 Sed
488 4271 659 4408 potius
681 4268 771 4368 tali
795 4266 928 4369 facto
952 4287 1177 4367 recreata
1197 4264 1446 4369 valescat:

361 4443 444 4547 Sic
469 4481 565 4582 ego
588 4480 742 4562 nunc,
770 4441 1013 4581 quoniam
1037 4437 1147 4575 haec
1165 4442 1293 4542 ratio
1317 4442 1624 4582 plerumque
1648 4443 1855 4553 videtur
1876 4546 1884 4559 ,,

357 4602 581 4721 Tristior
597 4654 723 4736 esse,
745 4612 939 4754 quibus
963 4651 1067 4713 non
1092 4635 1171 4715 est
1191 4636 1422 4736 tractato,
1448 4638 1687 4756 retroque

359 4791 559 4930 Volgus
584 4787 826 4889 abhorret
849 4788 913 4888 ab
938 4787 1048 4909 hac,
1076 4788 1214 4905 volui
1235 4785 1333 4888 tibi
1357 4789 1732 4929 suaviloquenti

364 4962 602 5068 Carmine
629 4959 798 5065 Pierio
820 4965 1070 5095 rationem
1095 4944 1354 5102 exponere
1376 4983 1616 5089 nostram,
1757 4943 1760 4949 ⁸
