4432 5984
719 331 998 420 LIBER
1062 326 1492 418 QUARTUS.
1757 326 1856 430 159

356 593 516 695 Plane
540 595 790 715 exaudiri,
814 592 1138 728 discernique
1162 590 1497 690 articulatim:

358 767 537 868 Servat
560 773 695 870 enim
721 769 1067 881 formaturam,
1092 786 1361 900 servatque
1383 765 1618 903 figuram.

356 942 432 1040 At
453 945 495 1041 si
520 945 875 1081 interpositum
900 943 1123 1078 spatium
1149 941 1216 1038 sit
1237 940 1441 1078 longius
1459 981 1633 1080 aequo,

356 1118 495 1218 Aera
519 1157 613 1256 per
636 1119 856 1219 multum
880 1114 1125 1216 confundi
1150 1113 1304 1214 rerba
1329 1155 1528 1216 necesse
1554 1140 1647 1237 est,

360 1291 432 1394 Et
453 1294 745 1395 conturbari
769 1330 960 1410 rocem,
985 1290 1110 1390 dum
1132 1291 1408 1390 transvolat
1432 1330 1593 1390 auras

359 1466 502 1606 Ergo
525 1470 602 1588 fit,
628 1469 849 1569 sonitum
876 1488 933 1564 ut
956 1467 1117 1600 possis
1141 1465 1336 1586 andire,
1361 1506 1531 1605 neque
1555 1466 1718 1567 hilum

187 1642 200 1659 ’
360 1639 710 1743 Internoscere
734 1639 1003 1741 verborum
1031 1643 1281 1740 sententia
1304 1680 1424 1780 quae
1448 1645 1530 1759 sit,

358 1815 541 1954 Usque
567 1819 695 1917 adeo
720 1815 928 1916 confusa
950 1816 1093 1912 venit
1114 1853 1233 1933 vox,
1257 1818 1416 1953 inque
1438 1817 1630 1953 pedita.

427 1987 701 2110 Praeterea,
726 1990 950 2089 edictum
976 2025 1113 2123 saepe
1135 2027 1300 2087 nnnm
1324 1993 1518 2126 perciet
1542 1992 1709 2089 aureis

361 2161 624 2265 Omnibus
648 2166 701 2263 in
727 2163 921 2300 populo
939 2165 1178 2262 emissum
1202 2167 1453 2299 praeeonis
1476 2163 1543 2262 ab
1567 2204 1685 2265 ore:

359 2336 421 2438 ln
447 2339 636 2438 multas
660 2340 819 2475 igitur
840 2375 989 2436 voees
1012 2376 1113 2436 vox
1137 2376 1243 2438 una
1264 2362 1478 2474 repente

360 2510 604 2650 Diffugit,
629 2514 681 2610 in
707 2513 878 2648 privas
896 2514 1142 2650 quoniam
1166 2550 1221 2611 se
1246 2511 1432 2611 dividit
1453 2516 1635 2631 aureis,

359 2684 657 2823 Obsignans
685 2684 898 2785 formam
921 2686 1108 2806 verbis,
1134 2687 1435 2824 clarumque
1459 2726 1707 2787 sonorem.

426 2861 502 2959 At
524 2899 648 2998 quae
671 2897 790 2996 pars
812 2899 995 2961 vocum
1020 2900 1125 2959 non
1150 2862 1320 2959 aureis
1343 2861 1530 2960 accidit
1552 2863 1705 2998 ipsas,

359 3032 663 3135 Praeterlata
685 3035 819 3169 perit
841 3033 1032 3133 frustra
1057 3031 1244 3132 diffusa
1266 3071 1361 3169 per
1383 3071 1561 3133 auras:

358 3206 485 3309 Pars
506 3208 680 3309 solidis
703 3207 863 3306 adlisa
886 3207 1030 3326 locis,
1055 3208 1244 3343 rejecta
1269 3246 1502 3307 sonorem

357 3380 568 3502 Reddit,
593 3405 648 3481 et
668 3381 924 3480 interdum
948 3381 1229 3481 frustratur
1252 3383 1476 3519 imagine
1492 3383 1654 3489 verbi.

429 3554 568 3677 Quae
591 3555 723 3655 bene
747 3592 903 3691 qnorn
925 3555 1119 3673 rideas,
1144 3556 1398 3655 rationem
1417 3556 1633 3657 reddere
1656 3566 1819 3698 possis

356 3727 493 3830 Tnte
517 3729 613 3828 tibi
639 3752 795 3866 atque
816 3729 947 3847 aliis,
973 3766 1082 3866 quo
1105 3754 1260 3868 paeto
1284 3769 1379 3869 per
1400 3733 1514 3834 loen
1536 3737 1643 3836 sola

359 3904 496 4007 Saxa
517 3906 685 4043 pateis
703 3902 887 4001 formas
910 3902 1187 4005 verborum
1212 3945 1280 4006 ex
1303 3906 1484 4006 ordine
1508 3909 1745 4033 reddant,

359 4077 618 4181 Palanteis
640 4078 847 4178 comites
870 4114 1030 4213 quom
1055 4083 1276 4179 monteis
1299 4084 1435 4181 inter
1456 4122 1644 4221 opaens

359 4251 672 4374 Quaerimus‚
696 4273 751 4349 et
774 4287 959 4387 magna
983 4250 1243 4389 dispersos
1265 4295 1390 4356 voce
1413 4259 1623 4362 eiemns.

429 4426 536 4528 Sex
560 4427 730 4542 etiam,
755 4445 846 4522 aut
869 4444 1066 4559 septem
1089 4426 1205 4526 loca
1226 4428 1332 4527 ridi
1358 4431 1575 4531 reddere
1598 4473 1765 4558 voees,

360 4598 536 4706 Unam
562 4636 719 4738 quom
735 4597 960 4733 jaceres:
1001 4602 1073 4700 ita
1095 4603 1255 4703 eolles
1279 4606 1496 4707 collibus
1522 4610 1648 4746 ipsis
1743 4740 1756 4755 ⁹

359 4773 540 4879 Verba
561 4772 880 4911 repulsantes
904 4772 1163 4876 iterabant
1186 4779 1325 4880 dieta
1348 4781 1556 4885 referre.

363 4947 499 5053 Haee
521 4948 635 5052 loca
656 4944 958 5086 capripedes
981 4944 1214 5090 Satyros,
1240 4950 1295 5054 N
1298 4955 1622 5101 ymphaeqne
1646 4983 1824 5062 tenere
