4432 5984
435 389 538 489 Μ
760 396 819 483 Τ.
888 392 1322 486 LUCRETII
1388 394 1602 487 CARI

439 653 667 755 Humida
693 690 813 752 saxa
838 691 991 790 super
1016 652 1161 753 viridi
1191 652 1433 753 stillantia
1456 680 1658 755 musco:

437 827 505 928 Et
531 829 715 966 partim
742 827 895 964 plano
922 851 1112 927 scatere
1138 851 1294 967 atque
1319 866 1587 967 erumpere
1614 867 1808 968 campo.

372 1026 376 1035 '
507 1001 746 1103 Necdum
774 1041 852 1102 res
878 1002 985 1139 igni
1008 1000 1207 1101 scibant
1230 1023 1463 1122 tractare,
1490 1042 1583 1103 nec
1608 1004 1685 1103 uti

436 1174 680 1296 Pellibus,
708 1199 761 1275 et
786 1176 956 1312 spoliis
981 1213 1164 1311 corpus
1189 1177 1371 1275 vestire
1397 1175 1647 1278 ferarum:

436 1352 534 1453 Sed
558 1389 779 1470 nemora,
798 1374 951 1488 atque
972 1387 1115 1450 cavos
1136 1349 1366 1466 monteis,
1388 1349 1657 1487 sylvasque
1677 1348 1927 1465 colebant,

434 1526 503 1629 Et
527 1527 733 1627 frutices
760 1528 892 1624 inter
917 1521 1204 1624 condebant
1230 1523 1465 1659 squalida
1489 1523 1732 1645 membra,

432 1700 663 1801 Verbera
686 1723 950 1799 ventorum
969 1700 1125 1798 vitare
1152 1696 1461 1837 imbreisque
1487 1700 1677 1801 coacti:

434 1873 549 1976 Nec
576 1912 841 1975 commune
867 1872 1058 1972 bonum
1086 1895 1323 2009 poterant
1348 1896 1592 2010 spectare,
1620 1874 1858 2023 nec-ullis

416 2047 669 2150 ¹Moribus
697 2050 831 2147 inter
856 2087 906 2148 se
934 2045 1145 2164 scibant,
1173 2088 1265 2150 nec
1291 2050 1491 2188 legibus
1517 2051 1623 2150 uti:

433 2221 587 2343 Quod
616 2222 840 2362 quoique
867 2220 1120 2322 obtulerat
1147 2223 1336 2359 praedae
1361 2223 1581 2341 fortuna,
1610 2220 1820 2344 ferebat,

432 2396 626 2534 Sponte
653 2434 742 2495 sua
769 2393 864 2493 sibi
893 2396 1111 2534 quisque
1137 2397 1303 2497 valere
1330 2419 1382 2497 et
1405 2398 1573 2496 vivere
1601 2397 1794 2497 doctus.

431 2568 499 2670 Et
526 2568 699 2671 Venus
726 2569 776 2668 in
806 2568 958 2706 sylvis
976 2568 1232 2707 jungebat
1257 2607 1469 2707 corpora
1493 2594 1768 2674 amantum.

433 2742 751 2845 Conciliabat
776 2744 911 2841 enim
939 2745 1016 2844 vel
1046 2767 1224 2843 mutua
1251 2752 1511 2882 quamque
1538 2744 1741 2881 cupido,

430 2916 529 3019 Vel
554 2919 774 3019 violenta
798 2918 891 3018 viri
918 2917 1008 3036 viS,
1037 2938 1190 3055 atque
1217 2919 1444 3055 impensa
1469 2917 1658 3018 libido:

428 3091 526 3194 Vcl
554 3093 793 3230 pretium,
822 3091 1050 3228 glandes
1078 3114 1232 3231 atque
1259 3090 1455 3212 arbuta,
1481 3093 1558 3192 vel
1587 3094 1698 3230 pira
1722 3094 1866 3195 lecta.

499 3265 568 3367 Et
595 3303 835 3364 manuum
861 3266 988 3365 mira
1012 3265 1128 3366 freti
1152 3268 1337 3366 virtute
1363 3267 1674 3405 pedumque,

431 3438 871 3543 Consectabantur
897 3440 1140 3540 silvestria
1162 3440 1313 3539 saecla
1335 3439 1555 3540 ferarum

430 3613 712 3716 Missilibus
739 3614 870 3713 saxis
889 3636 947 3712 et
972 3653 1156 3752 magno
1182 3614 1407 3751 pondere
1433 3614 1601 3725 clavae,

430 3790 704 3927 Multaque
729 3787 1016 3907 vincebant,
1042 3787 1271 3888 vitabant
1296 3826 1459 3926 pauca
1481 3787 1717 3890 latebris:

430 3965 774 4101 Sotigerisqoe
800 3998 946 4098 pares
972 3960 1147 4062 suibus
1173 3964 1416 4063 silvestria
1441 3960 1669 4062 membra

430 4138 591 4241 Nuda
617 4136 807 4237 dabant
831 4160 979 4235 terrae
1006 4157 1253 4235 nocturno
1279 4160 1507 4274 tempore
1534 4141 1685 4273 capti,

431 4315 633 4416 Circum
663 4352 714 4412 se
740 4312 874 4412 foliis
900 4349 956 4410 ac
983 4308 1249 4409 frondibus
1275 4309 1598 4411 involventes,

430 4486 543 4591 Nec
568 4488 812 4625 plangore
839 4484 974 4584 diem
1000 4522 1201 4621 magno,
1231 4485 1489 4623 solemque
1515 4523 1609 4622 per
1632 4524 1780 4623 agros
1944 4500 1947 4505 ’

431 4661 744 4782 Quaerebant
768 4660 956 4797 pavidi,
982 4660 1212 4796 palantes
1237 4659 1397 4758 noctis
1423 4660 1475 4757 in
1502 4659 1723 4762 umbris:

430 4838 531 4936 Sed
558 4839 693 4937 taciti
723 4832 1092 4971 respectabant,
1120 4871 1396 4971 somnoque
1424 4835 1624 4970 sepulti,

432 5010 570 5111 Dum
598 5050 738 5111 rosea
764 5009 870 5110 face
898 5009 970 5108 sol
997 5007 1206 5108 inferret
1230 5007 1424 5107 lumina
1448 5010 1588 5112 coelo,
1639 5140 1648 5161 Ι
