4432 5984
371 339 474 429 lan
679 340 739 430 T.
803 339 1232 432 LUCRETII
1294 339 1505 433 CARI

366 598 467 699 Sed
493 598 630 700 velut
657 599 707 697 in
735 635 899 716 eavea,
920 633 1014 734 per
1038 636 1090 697 se
1116 596 1211 698 sibi
1235 600 1403 700 vivere
1427 599 1602 701 solam

366 767 629 890 Convenit,
658 792 715 869 ut
738 807 884 869 sensu
911 809 1094 908 eorpus
1117 794 1286 872 tamon
1312 774 1506 874 adssuat
1528 811 1700 875 omne.

365 943 538 1065 Quare
562 947 714 1045 etiam
734 966 888 1081 atque
914 946 1065 1045 etiam
1084 984 1177 1046 nec
1203 947 1411 1085 originis
1436 984 1542 1047 esse
1561 948 1888 1085 putandum

503 1144 579 1221 est

364 1292 635 1432 Experteis
659 1296 865 1412 animas,
892 1331 984 1393 nec
1008 1288 1135 1391 letbi
1159 1291 1272 1428 lege
1298 1292 1498 1391 solutas.

366 1466 504 1569 Nam
529 1506 698 1608 neque
721 1489 984 1605 tantopere
1004 1467 1202 1567 adnecti
1228 1465 1452 1602 potuisse
1473 1460 1779 1600 putandum
1797 1484 1885 1565 est

367 1639 678 1779 Corporibus
704 1643 885 1743 nostris
910 1643 1220 1741 extrinsecus
1245 1635 1552 1736 insinuatas:
1690 1670 1698 1681 ·

366 1811 519 1933 Quod
548 1814 658 1914 lieri
682 1836 845 1914 totum
872 1837 1047 1915 eontra
1071 1810 1334 1911 manifesta
1360 1807 1508 1908 docet
1526 1845 1620 1909 res.

278 2028 281 2033 ·
365 1985 608 2128 Namque
633 1991 704 2089 ita
727 2027 954 2089 connexa
978 2009 1055 2088 est
1079 2022 1359 2124 pervertas,
1386 1983 1590 2103 viscera,
1616 2020 1842 2105 nervos,

366 2157 614 2299 Ossaque,
642 2163 716 2262 uti
745 2161 922 2261 dentes
948 2198 1155 2300 quoque
1180 2197 1328 2259 sensu
1355 2158 1770 2296 participentur;

364 2330 582 2433 Morbus
605 2357 666 2435 ut
690 2334 894 2455 indicat,
921 2358 973 2433 et
997 2333 1183 2472 gelidai
1209 2335 1430 2470 stringor
1454 2340 1625 2472 aquai,

366 2503 434 2605 Et
458 2507 587 2642 lapis
611 2544 880 2644 oppressus
905 2508 1100 2609 subitus
1125 2545 1152 2605 e
1177 2508 1412 2645 frugibus
1437 2545 1617 2645 asper:

365 2678 478 2781 Nec
504 2703 606 2780 tam
634 2704 884 2781 contextae
911 2718 1066 2819 quom
1092 2682 1207 2800 sint,
1228 2682 1365 2780 exire
1383 2679 1624 2784 videntur

365 2852 650 2953 Incolumes
678 2892 837 2991 posse,
865 2877 916 2953 et
940 2855 1097 2954 salvas
1124 2855 1377 2955 exsolvere
1405 2893 1510 2955 sese

366 3027 623 3128 Omnibus
647 3067 675 3128 e
703 3029 884 3145 nervis,
913 3049 1067 3164 atque
1093 3024 1303 3145 ossibus,
1330 3030 1674 3170 articulisque.

434 3197 587 3319 Quod
615 3201 655 3298 si
681 3199 809 3299 forte
834 3223 984 3337 putas
1011 3201 1321 3301 extrinsecus
1347 3203 1652 3305 insinuatam

363 3370 665 3473 Permanare
692 3374 910 3472 animam
936 3372 1081 3472 nobis
1105 3411 1198 3508 per
1216 3373 1444 3475 membra
1473 3377 1650 3491 solere,

361 3545 527 3646 'l'anto
554 3548 779 3686 quoique
805 3548 964 3677 magis
984 3584 1096 3645 oum
1124 3583 1331 3682 corpore
1352 3547 1463 3647 fusa
1488 3546 1715 3684 peribit3

364 3717 515 3836 Quod
540 3742 803 3855 permanat
828 3722 978 3838 enim,
1015 3721 1328 3845 dissolvitur:
1368 3722 1543 3821 interit
1566 3759 1711 3861 ergo,

365 3890 644 4029 Dispertita
671 3930 792 4029 ergo
818 3929 908 4029 per
933 3891 1099 3992 caulas
1125 3894 1348 4029 corporis
1372 3895 1564 3993 omneis

309 4048 321 4063 ⁵
363 4064 465 4191 (Ut
479 4063 621 4165 cibus
637 4068 685 4164 in
708 4064 935 4164 membra
949 4085 1102 4203 atque
1118 4088 1255 4166 artus
1275 4104 1430 4204 quom
1448 4065 1881 4181 didituromneis

365 4235 611 4374 Disperit,
638 4261 790 4374 atque
810 4238 954 4335 aliam
985 4259 1218 4337 naturam
1246 4239 1430 4339 sufficit
1448 4278 1512 4339 ex
1538 4242 1634 4375 se),

364 4410 446 4510 Sic
466 4412 632 4510 anima
651 4435 806 4548 atque
831 4411 1043 4530 animus,
1073 4414 1302 4549 quamvis
1327 4415 1528 4552 integra
1551 4453 1735 4521 reeens
1764 4422 1835 4529 in
1862 4408 1865 4413 ¹

364 4580 563 4717 Corpus
587 4605 726 4700 eunt,
754 4605 922 4682 tamen
948 4584 1000 4681 in
1028 4585 1279 4685 manando
1305 4585 1664 4710 dissolvuntur,

362 4750 502 4853 Dum
531 4756 674 4892 quasi
694 4793 786 4892 per
804 4757 970 4855 caulas
988 4759 1177 4857 omneis
1198 4758 1446 4859 diduntur
1464 4763 1517 4860 in
1537 4785 1677 4864 artus

361 4923 629 5027 Particulae
650 4927 839 5065 quibus
860 4928 967 5030 baec
997 4931 1148 5031 animi
1169 4956 1349 5033 natura
1367 4957 1567 5035 creatur
