4432 5984
384 363 483 463 lctt
704 367 764 455 T.
832 365 1267 467 LUCRETII
1330 366 1545 461 CARI

384 626 632 768 Liquisse,
659 650 710 727 et
735 665 943 765 magnas
968 627 1080 728 coeli
1105 626 1379 764 complesse
1404 665 1672 730 cavernas:

380 802 559 943 Usque
586 802 711 904 adeo
736 825 867 901 tetra
891 801 1180 901 nimborum
1205 823 1351 901 nocte
1377 824 1564 923 coorta,

379 976 687 1116 Impendent
707 999 829 1076 atrae
853 976 1136 1076 formidinis
1160 1012 1248 1075 ora
1273 1013 1520 1112 superne;

380 1150 614 1271 Quorum
642 1152 887 1289 quantula
912 1189 1028 1289 pars
1054 1152 1117 1250 sit
1144 1151 1325 1287 imago,
1351 1148 1519 1251 dicere
1543 1187 1702 1251 nemo
1732 1172 1825 1255 est

380 1323 485 1444 Qui
510 1326 684 1463 possit,
714 1362 882 1464 neque
909 1363 1019 1424 eam
1046 1326 1289 1425 rationem
1315 1323 1529 1425 reddere
1555 1325 1728 1431 dictis.

447 1502 606 1603 Nunc
632 1537 742 1637 age,
771 1536 926 1635 quam
952 1498 1101 1597 celeri
1128 1521 1267 1598 motu
1295 1497 1560 1599 simulacra
1583 1496 1858 1623 ferantur,

377 1675 446 1777 Et
471 1715 588 1814 qute
613 1672 864 1773 mobilitas
890 1672 1002 1771 ollis
1027 1670 1346 1773 tranantibus
1371 1710 1517 1775 auras

376 1850 597 1951 Reddita
624 1849 703 1966 sit,
732 1846 884 1981 longo
911 1867 968 1943 ut
994 1846 1156 1981 spatio
1182 1843 1346 1943 brevis
1374 1843 1499 1946 bora
1523 1869 1745 1971 teratur,

375 2024 436 2126 In
465 2057 823 2162 quemcunque
847 2019 1014 2117 locum
1041 2017 1236 2118 diverso
1261 2018 1469 2117 numine
1494 2018 1743 2145 tendunt,

374 2197 658 2299 Suavidicis
681 2194 852 2331 potius
879 2229 1030 2329 quam
1058 2190 1231 2293 multis
1255 2190 1483 2293 versibus
1509 2193 1688 2295 edam:

373 2373 564 2474 Parvus
590 2392 648 2470 ut
672 2388 747 2465 est
773 2366 918 2502 cycni
946 2365 1120 2464 melior
1145 2403 1313 2483 canor,
1340 2364 1426 2465 ille
1452 2404 1638 2503 gruum
1665 2406 1847 2509 quam

375 2546 594 2665 Clamor,
623 2546 673 2644 in
699 2538 920 2641 aetheriis
940 2538 1195 2674 dispersus
1220 2535 1444 2637 nubibus
1468 2538 1641 2643 austri.

443 2718 720 2855 Principio,
747 2751 974 2852 persaepe
1002 2712 1152 2812 loreis
1172 2750 1265 2830 res,
1292 2733 1447 2848 atque
1473 2713 1683 2815 minutis

373 2892 685 3032 Corporibus
711 2889 883 3007 factas,
911 2887 1118 2985 celereis
1143 2886 1265 2985 licet
1288 2923 1393 2985 esse
1419 2885 1606 2989 videre.

370 3067 429 3168 ln
460 3105 563 3205 quo
581 3066 687 3202 jam
713 3097 900 3199 genere
926 3081 1001 3158 est
1026 3059 1140 3157 solis
1166 3059 1273 3178 lux,
1302 3081 1353 3157 et
1377 3096 1533 3195 vapor
1557 3058 1688 3196 ejuS,

369 3242 646 3377 Propterea
672 3234 794 3373 quia
820 3253 938 3331 sunt
963 3269 989 3329 e
1016 3231 1193 3367 primis
1218 3231 1350 3332 facta
1375 3232 1611 3355 minutis3

371 3417 503 3535 Quae
524 3413 668 3551 quasi
696 3405 991 3522 truduntur,
1019 3441 1215 3541 perque
1242 3406 1369 3505 aeris
1395 3405 1729 3509 intervallum

369 3590 493 3689 Non
513 3586 749 3687 dubitant
767 3582 994 3699 transire,
1017 3581 1250 3715 sequenti
1277 3579 1472 3679 concita
1494 3580 1680 3719 plaga:

369 3761 740 3899 Suppeditatur
765 3755 898 3854 enim
926 3752 1187 3855 confestim
1213 3756 1410 3855 lumine
1436 3756 1625 3881 lumen,

369 3936 437 4036 Et
464 3935 607 4072 quasi
628 3930 823 4069 protelo
844 3927 1132 4028 stimulatur
1151 3928 1355 4066 fulgure
1380 3929 1571 4066 fulgur.

368 4109 698 4246 Quapropter
724 4105 986 4203 simulacra
1005 4106 1114 4240 pari
1141 4106 1334 4204 ratione
1360 4141 1561 4204 necesse
1587 4128 1666 4209 est

368 4276 772 4380 lmmernorabilc
800 4315 891 4413 per
910 4280 1126 4414 spatium
1153 4303 1494 4381 transcurrere
1513 4318 1662 4419 posse

362 4452 627 4587 Temporis
653 4452 703 4549 in
725 4474 944 4587 puncto:
984 4454 1204 4588 primum
1227 4454 1363 4592 quod
1386 4454 1592 4591 parvola
1614 4494 1791 4569 causa

373 4628 458 4727 Est
484 4628 658 4763 procul
678 4664 707 4724 a
731 4648 875 4763 tergo
903 4665 1020 4764 quae
1040 4628 1285 4764 provehat
1310 4654 1464 4769 atque
1490 4634 1797 4769 propellat:

366 4801 569 4900 Deinde
592 4801 728 4938 quod
758 4838 920 4938 usque
947 4801 1073 4901 adeo
1098 4825 1302 4902 textura
1325 4802 1544 4940 praedita
1568 4842 1686 4907 rara

365 4974 663 5095 Mittuntur,
691 4975 835 5075 t'acile
862 4999 920 5075 ut
946 4976 1149 5114 quasvis
1175 5000 1439 5114 penetrare
1462 5002 1656 5118 queant
1674 5022 1793 5113 res,
