<?xml version="1.0" encoding="UTF-8"?>
<!DOCTYPE html PUBLIC "-//W3C//DTD XHTML 1.0 Transitional//EN"
    "http://www.w3.org/TR/xhtml1/DTD/xhtml1-transitional.dtd">
<html xmlns="http://www.w3.org/1999/xhtml" xml:lang="en" lang="en">
 <head>
  <title>
</title>
<meta http-equiv="Content-Type" content="text/html;charset=utf-8" />
  <meta name='ocr-system' content='tesseract 3.04.00' />
  <meta name='ocr-capabilities' content='ocr_page ocr_carea ocr_par ocr_line ocrx_word'/>
</head>
<body>
  <div class='ocr_page' id='page_1' title='image "./tlucretiicaride01carugoog_0135.png"; bbox 0 0 4432 5984; ppageno 0'>
   <div class='ocr_carea' id='block_1_1' title="bbox 441 362 1586 489">
    <p class='ocr_par' dir='ltr' id='par_1_1' title="bbox 441 362 1586 489">
     <span class='ocr_line' id='line_1_1' title="bbox 441 362 1586 489; baseline 0.002 -26"><span class='ocrx_word' id='word_1_1' title='bbox 441 362 546 489; x_wconf 77' lang='lat' dir='ltr'><strong>rso</strong></span> <span class='ocrx_word' id='word_1_2' title='bbox 759 374 819 461; x_wconf 81' lang='grc' dir='ltr'><strong>τ.</strong></span> <span class='ocrx_word' id='word_1_3' title='bbox 879 370 1310 467; x_wconf 78' lang='lat' dir='ltr'><strong>tucnurrr</strong></span> <span class='ocrx_word' id='word_1_4' title='bbox 1372 372 1586 467; x_wconf 75' lang='lat' dir='ltr'><strong>cnut</strong></span> 
     </span>
    </p>
   </div>
   <div class='ocr_carea' id='block_1_2' title="bbox 422 631 1959 3572">
    <p class='ocr_par' dir='ltr' id='par_1_2' title="bbox 434 631 1959 1473">
     <span class='ocr_line' id='line_1_2' title="bbox 437 631 1707 774; baseline -0.002 -37"><span class='ocrx_word' id='word_1_5' title='bbox 437 633 662 737; x_wconf 87' lang='lat' dir='ltr'><strong>Advenit</strong></span> <span class='ocrx_word' id='word_1_6' title='bbox 685 632 754 754; x_wconf 93' lang='lat' dir='ltr'><strong>id,</strong></span> <span class='ocrx_word' id='word_1_7' title='bbox 783 634 924 774; x_wconf 93' lang='lat' dir='ltr'><strong>quod</strong></span> <span class='ocrx_word' id='word_1_8' title='bbox 949 674 1060 737; x_wconf 89' lang='lat' dir='ltr'><strong>eam</strong></span> <span class='ocrx_word' id='word_1_9' title='bbox 1086 637 1150 738; x_wconf 90' lang='lat' dir='ltr'><strong>de</strong></span> <span class='ocrx_word' id='word_1_10' title='bbox 1175 636 1329 738; x_wconf 87' lang='lat' dir='ltr'><strong>rebus</strong></span> <span class='ocrx_word' id='word_1_11' title='bbox 1354 671 1488 772; x_wconf 87' lang='lat' dir='ltr'><strong>saepe</strong></span> <span class='ocrx_word' id='word_1_12' title='bbox 1514 631 1707 735; x_wconf 86' lang='lat' dir='ltr'><strong>futuris·</strong></span> 
     </span>
     <span class='ocr_line' id='line_1_3' title="bbox 441 806 1922 949; baseline 0 -40"><span class='ocrx_word' id='word_1_13' title='bbox 441 806 686 927; x_wconf 90' lang='lat' dir='ltr'><strong>Macerat,</strong></span> <span class='ocrx_word' id='word_1_14' title='bbox 714 809 870 947; x_wconf 91' lang='lat' dir='ltr'><strong>inque</strong></span> <span class='ocrx_word' id='word_1_15' title='bbox 896 833 1035 913; x_wconf 88' lang='lat' dir='ltr'><strong>metu</strong></span> <span class='ocrx_word' id='word_1_16' title='bbox 1061 812 1191 912; x_wconf 92' lang='lat' dir='ltr'><strong>male</strong></span> <span class='ocrx_word' id='word_1_17' title='bbox 1215 808 1387 930; x_wconf 87' lang='lat' dir='ltr'><strong>habet,</strong></span> <span class='ocrx_word' id='word_1_18' title='bbox 1414 808 1652 949; x_wconf 84' lang='lat' dir='ltr'><strong>curisque</strong></span> <span class='ocrx_word' id='word_1_19' title='bbox 1675 806 1922 947; x_wconf 80' lang='lat' dir='ltr'><strong>fatigat:</strong></span> 
     </span>
     <span class='ocr_line' id='line_1_4' title="bbox 437 976 1947 1122; baseline -0.001 -36"><span class='ocrx_word' id='word_1_20' title='bbox 437 982 819 1122; x_wconf 88' lang='lat' dir='ltr'><strong>Praeteritisque</strong></span> <span class='ocrx_word' id='word_1_21' title='bbox 837 981 1062 1083; x_wconf 81' lang='lat' dir='ltr'><strong>&#39;admissa</strong></span> <span class='ocrx_word' id='word_1_22' title='bbox 1087 985 1231 1084; x_wconf 87' lang='lat' dir='ltr'><strong>annis</strong></span> <span class='ocrx_word' id='word_1_23' title='bbox 1253 1004 1462 1120; x_wconf 87' lang='lat' dir='ltr'><strong>peccata</strong></span> <span class='ocrx_word' id='word_1_24' title='bbox 1485 982 1813 1087; x_wconf 83' lang='lat' dir='ltr'><strong>remordent.</strong></span> <span class='ocrx_word' id='word_1_25' title='bbox 1944 976 1947 981; x_wconf 39' lang='lat'>¹</span> 
     </span>
     <span class='ocr_line' id='line_1_5' title="bbox 436 1157 1959 1297; baseline 0.001 -38"><span class='ocrx_word' id='word_1_26' title='bbox 436 1160 587 1259; x_wconf 91' lang='lat' dir='ltr'><strong>Adde</strong></span> <span class='ocrx_word' id='word_1_27' title='bbox 611 1158 836 1259; x_wconf 88' lang='lat' dir='ltr'><strong>furorem</strong></span> <span class='ocrx_word' id='word_1_28' title='bbox 860 1158 1013 1260; x_wconf 89' lang='lat' dir='ltr'><strong>animi</strong></span> <span class='ocrx_word' id='word_1_29' title='bbox 1038 1158 1321 1294; x_wconf 89' lang='lat' dir='ltr'><strong>proprium,</strong></span> <span class='ocrx_word' id='word_1_30' title='bbox 1348 1180 1505 1297; x_wconf 88' lang='lat' dir='ltr'><strong>atque</strong></span> <span class='ocrx_word' id='word_1_31' title='bbox 1529 1157 1718 1263; x_wconf 85' lang='lat' dir='ltr'><strong>oblivia</strong></span> <span class='ocrx_word' id='word_1_32' title='bbox 1736 1198 1959 1283; x_wconf 87' lang='lat' dir='ltr'><strong>rerum,</strong></span> 
     </span>
     <span class='ocr_line' id='line_1_6' title="bbox 434 1331 1750 1473; baseline 0.002 -40"><span class='ocrx_word' id='word_1_33' title='bbox 434 1332 586 1433; x_wconf 90' lang='lat' dir='ltr'><strong>Adde</strong></span> <span class='ocrx_word' id='word_1_34' title='bbox 612 1333 753 1472; x_wconf 92' lang='lat' dir='ltr'><strong>quod</strong></span> <span class='ocrx_word' id='word_1_35' title='bbox 776 1334 831 1434; x_wconf 91' lang='lat' dir='ltr'><strong>in</strong></span> <span class='ocrx_word' id='word_1_36' title='bbox 856 1335 1027 1473; x_wconf 90' lang='lat' dir='ltr'><strong>nigras</strong></span> <span class='ocrx_word' id='word_1_37' title='bbox 1051 1331 1270 1471; x_wconf 84' lang='lat' dir='ltr'><strong>lethargi</strong></span> <span class='ocrx_word' id='word_1_38' title='bbox 1295 1334 1542 1470; x_wconf 85' lang='lat' dir='ltr'><strong>mergitur</strong></span> <span class='ocrx_word' id='word_1_39' title='bbox 1566 1331 1750 1435; x_wconf 88' lang='lat' dir='ltr'><strong>undas.</strong></span> 
     </span>
    </p>

    <p class='ocr_par' dir='ltr' id='par_1_3' title="bbox 434 1504 1950 1995">
     <span class='ocr_line' id='line_1_7' title="bbox 508 1504 1950 1647; baseline 0.001 -38"><span class='ocrx_word' id='word_1_40' title='bbox 508 1505 600 1609; x_wconf 90' lang='lat' dir='ltr'><strong>Nil</strong></span> <span class='ocrx_word' id='word_1_41' title='bbox 625 1509 784 1647; x_wconf 90' lang='lat' dir='ltr'><strong>igitur</strong></span> <span class='ocrx_word' id='word_1_42' title='bbox 806 1546 940 1610; x_wconf 90' lang='lat' dir='ltr'><strong>mors</strong></span> <span class='ocrx_word' id='word_1_43' title='bbox 964 1532 1055 1630; x_wconf 88' lang='lat' dir='ltr'><strong>est,</strong></span> <span class='ocrx_word' id='word_1_44' title='bbox 1082 1508 1146 1608; x_wconf 93' lang='lat' dir='ltr'><strong>ad</strong></span> <span class='ocrx_word' id='word_1_45' title='bbox 1172 1544 1263 1608; x_wconf 92' lang='lat' dir='ltr'><strong>nos</strong></span> <span class='ocrx_word' id='word_1_46' title='bbox 1288 1544 1457 1647; x_wconf 88' lang='lat' dir='ltr'><strong>neque</strong></span> <span class='ocrx_word' id='word_1_47' title='bbox 1481 1507 1705 1647; x_wconf 87' lang='lat' dir='ltr'><strong>pertinet</strong></span> <span class='ocrx_word' id='word_1_48' title='bbox 1724 1504 1950 1633; x_wconf 82' lang='lat' dir='ltr'><strong>hilum,:</strong></span> 
     </span>
     <span class='ocr_line' id='line_1_8' title="bbox 436 1677 1909 1821; baseline 0.002 -39"><span class='ocrx_word' id='word_1_49' title='bbox 436 1677 868 1821; x_wconf 84' lang='lat' dir='ltr'><strong>Quandoquidem</strong></span> <span class='ocrx_word' id='word_1_50' title='bbox 895 1705 1077 1785; x_wconf 87' lang='lat' dir='ltr'><strong>natura</strong></span> <span class='ocrx_word' id='word_1_51' title='bbox 1100 1683 1254 1782; x_wconf 91' lang='lat' dir='ltr'><strong>animi</strong></span> <span class='ocrx_word' id='word_1_52' title='bbox 1280 1680 1504 1782; x_wconf 84' lang='lat' dir='ltr'><strong>mortalis</strong></span> <span class='ocrx_word' id='word_1_53' title='bbox 1528 1678 1751 1783; x_wconf 86' lang='lat' dir='ltr'><strong>habetur</strong></span> <span class='ocrx_word' id='word_1_54' title='bbox 1775 1720 1791 1785; x_wconf 76' lang='lat' dir='ltr'>t</span> <span class='ocrx_word' id='word_1_55' title='bbox 1860 1730 1909 1747; x_wconf 94' lang='lat'><strong>···</strong></span> 
     </span>
     <span class='ocr_line' id='line_1_9' title="bbox 434 1854 1712 1995; baseline -0.001 -39"><span class='ocrx_word' id='word_1_56' title='bbox 434 1854 503 1956; x_wconf 87' lang='lat' dir='ltr'><strong>Et</strong></span> <span class='ocrx_word' id='word_1_57' title='bbox 526 1856 665 1958; x_wconf 83' lang='lat' dir='ltr'><strong>velut</strong></span> <span class='ocrx_word' id='word_1_58' title='bbox 690 1878 920 1959; x_wconf 86' lang='lat' dir='ltr'><strong>anteacto</strong></span> <span class='ocrx_word' id='word_1_59' title='bbox 946 1858 1018 1957; x_wconf 91' lang='lat' dir='ltr'><strong>nil</strong></span> <span class='ocrx_word' id='word_1_60' title='bbox 1042 1880 1269 1995; x_wconf 89' lang='lat' dir='ltr'><strong>tempore</strong></span> <span class='ocrx_word' id='word_1_61' title='bbox 1296 1856 1543 1956; x_wconf 87' lang='lat' dir='ltr'><strong>sensimus</strong></span> <span class='ocrx_word' id='word_1_62' title='bbox 1568 1855 1712 1993; x_wconf 88' lang='lat' dir='ltr'><strong>aegri‚</strong></span> 
     </span>
    </p>

    <p class='ocr_par' dir='ltr' id='par_1_4' title="bbox 431 2026 1840 2507">
     <span class='ocr_line' id='line_1_10' title="bbox 432 2026 1759 2170; baseline 0.001 -40"><span class='ocrx_word' id='word_1_63' title='bbox 432 2030 517 2130; x_wconf 89' lang='lat' dir='ltr'><strong>Ad</strong></span> <span class='ocrx_word' id='word_1_64' title='bbox 542 2032 920 2170; x_wconf 88' lang='lat' dir='ltr'><strong>confligendum</strong></span> <span class='ocrx_word' id='word_1_65' title='bbox 949 2028 1269 2135; x_wconf 89' lang='lat' dir='ltr'><strong>venientibus</strong></span> <span class='ocrx_word' id='word_1_66' title='bbox 1293 2028 1525 2167; x_wconf 89' lang='lat' dir='ltr'><strong>undique</strong></span> <span class='ocrx_word' id='word_1_67' title='bbox 1551 2026 1759 2153; x_wconf 86' lang='lat' dir='ltr'><strong>Poenis;</strong></span> 
     </span>
     <span class='ocr_line' id='line_1_11' title="bbox 432 2202 1840 2345; baseline 0 -40"><span class='ocrx_word' id='word_1_68' title='bbox 432 2202 623 2305; x_wconf 91' lang='lat' dir='ltr'><strong>Omnia</strong></span> <span class='ocrx_word' id='word_1_69' title='bbox 647 2244 803 2345; x_wconf 91' lang='lat' dir='ltr'><strong>quom</strong></span> <span class='ocrx_word' id='word_1_70' title='bbox 829 2206 951 2307; x_wconf 90' lang='lat' dir='ltr'><strong>belli</strong></span> <span class='ocrx_word' id='word_1_71' title='bbox 975 2206 1175 2344; x_wconf 90' lang='lat' dir='ltr'><strong>trepido</strong></span> <span class='ocrx_word' id='word_1_72' title='bbox 1201 2240 1439 2304; x_wconf 86' lang='lat' dir='ltr'><strong>concussa</strong></span> <span class='ocrx_word' id='word_1_73' title='bbox 1457 2204 1682 2305; x_wconf 86' lang='lat' dir='ltr'><strong>tumultu</strong></span> <span class='ocrx_word' id='word_1_74' title='bbox 1837 2284 1840 2289; x_wconf 86' lang='grc'>-</span> 
     </span>
     <span class='ocr_line' id='line_1_12' title="bbox 431 2348 1707 2507; baseline 0.002 -26"><span class='ocrx_word' id='word_1_75' title='bbox 431 2376 655 2481; x_wconf 87' lang='lat' dir='ltr'><strong>Horrida</strong></span> <span class='ocrx_word' id='word_1_76' title='bbox 679 2348 1028 2482; x_wconf 80' lang='lat' dir='ltr'><strong>contremuere</strong></span> <span class='ocrx_word' id='word_1_77' title='bbox 1052 2380 1147 2497; x_wconf 87' lang='lat' dir='ltr'><strong>suh</strong></span> <span class='ocrx_word' id='word_1_78' title='bbox 1174 2384 1287 2483; x_wconf 87' lang='lat' dir='ltr'><strong>altis</strong></span> <span class='ocrx_word' id='word_1_79' title='bbox 1312 2381 1514 2483; x_wconf 87' lang='lat' dir='ltr'><strong>aetheris</strong></span> <span class='ocrx_word' id='word_1_80' title='bbox 1539 2382 1707 2507; x_wconf 85' lang='lat' dir='ltr'><strong>auris3</strong></span> 
     </span>
    </p>

    <p class='ocr_par' dir='ltr' id='par_1_5' title="bbox 428 2549 1801 2872">
     <span class='ocr_line' id='line_1_13' title="bbox 428 2549 1801 2696; baseline 0.006 -45"><span class='ocrx_word' id='word_1_81' title='bbox 428 2549 490 2652; x_wconf 93' lang='lat' dir='ltr'><strong>In</strong></span> <span class='ocrx_word' id='word_1_82' title='bbox 517 2552 777 2693; x_wconf 91' lang='lat' dir='ltr'><strong>dubioque</strong></span> <span class='ocrx_word' id='word_1_83' title='bbox 802 2554 901 2656; x_wconf 90' lang='lat' dir='ltr'><strong>fuit</strong></span> <span class='ocrx_word' id='word_1_84' title='bbox 926 2555 1020 2657; x_wconf 88' lang='lat' dir='ltr'><strong>sub</strong></span> <span class='ocrx_word' id='word_1_85' title='bbox 1045 2580 1276 2659; x_wconf 92' lang='lat' dir='ltr'><strong>utrorum</strong></span> <span class='ocrx_word' id='word_1_86' title='bbox 1301 2595 1458 2696; x_wconf 90' lang='lat' dir='ltr'><strong>regna</strong></span> <span class='ocrx_word' id='word_1_87' title='bbox 1482 2555 1801 2659; x_wconf 77' lang='lat' dir='ltr'><strong>cadendum·</strong></span> 
     </span>
     <span class='ocr_line' id='line_1_14' title="bbox 428 2726 1663 2872; baseline 0.004 -43"><span class='ocrx_word' id='word_1_88' title='bbox 428 2726 684 2831; x_wconf 84' lang='lat' dir='ltr'><strong>Omnibus</strong></span> <span class='ocrx_word' id='word_1_89' title='bbox 710 2728 944 2832; x_wconf 88' lang='lat' dir='ltr'><strong>humanis</strong></span> <span class='ocrx_word' id='word_1_90' title='bbox 968 2754 1114 2851; x_wconf 88' lang='lat' dir='ltr'><strong>esset,</strong></span> <span class='ocrx_word' id='word_1_91' title='bbox 1140 2754 1379 2872; x_wconf 90' lang='lat' dir='ltr'><strong>terraque</strong></span> <span class='ocrx_word' id='word_1_92' title='bbox 1404 2733 1663 2871; x_wconf 78' lang='lat' dir='ltr'><strong>marique:</strong></span> 
     </span>
    </p>

    <p class='ocr_par' dir='ltr' id='par_1_6' title="bbox 422 2902 1949 3572">
     <span class='ocr_line' id='line_1_15' title="bbox 428 2902 1822 3045; baseline 0.008 -42"><span class='ocrx_word' id='word_1_93' title='bbox 428 2902 511 3003; x_wconf 87' lang='lat' dir='ltr'><strong>Sic</strong></span> <span class='ocrx_word' id='word_1_94' title='bbox 536 2903 626 3004; x_wconf 90' lang='lat' dir='ltr'><strong>ubi</strong></span> <span class='ocrx_word' id='word_1_95' title='bbox 651 2943 754 3005; x_wconf 93' lang='lat' dir='ltr'><strong>nou</strong></span> <span class='ocrx_word' id='word_1_96' title='bbox 780 2906 981 3024; x_wconf 91' lang='lat' dir='ltr'><strong>erimus,</strong></span> <span class='ocrx_word' id='word_1_97' title='bbox 1004 2943 1159 3044; x_wconf 88' lang='lat' dir='ltr'><strong>quom</strong></span> <span class='ocrx_word' id='word_1_98' title='bbox 1185 2906 1408 3045; x_wconf 87' lang='lat' dir='ltr'><strong>corporis</strong></span> <span class='ocrx_word' id='word_1_99' title='bbox 1433 2928 1590 3045; x_wconf 89' lang='lat' dir='ltr'><strong>atque</strong></span> <span class='ocrx_word' id='word_1_100' title='bbox 1615 2908 1822 3015; x_wconf 78' lang='lat' dir='ltr'><strong>animai</strong></span> 
     </span>
     <span class='ocr_line' id='line_1_16' title="bbox 428 3076 1722 3221; baseline 0.004 -43"><span class='ocrx_word' id='word_1_101' title='bbox 428 3076 714 3180; x_wconf 82' lang='lat' dir='ltr'><strong>Discidium</strong></span> <span class='ocrx_word' id='word_1_102' title='bbox 738 3080 909 3201; x_wconf 88' lang='lat' dir='ltr'><strong>fuerit,</strong></span> <span class='ocrx_word' id='word_1_103' title='bbox 938 3078 1125 3217; x_wconf 90' lang='lat' dir='ltr'><strong>quibus</strong></span> <span class='ocrx_word' id='word_1_104' title='bbox 1151 3120 1178 3180; x_wconf 92' lang='lat' dir='ltr'><strong>e</strong></span> <span class='ocrx_word' id='word_1_105' title='bbox 1205 3118 1378 3181; x_wconf 89' lang='lat' dir='ltr'><strong>sumus</strong></span> <span class='ocrx_word' id='word_1_106' title='bbox 1403 3081 1572 3181; x_wconf 92' lang='lat' dir='ltr'><strong>uniter</strong></span> <span class='ocrx_word' id='word_1_107' title='bbox 1595 3085 1722 3221; x_wconf 90' lang='lat' dir='ltr'><strong>apti,</strong></span> 
     </span>
     <span class='ocr_line' id='line_1_17' title="bbox 425 3244 1949 3397; baseline 0.005 -44"><span class='ocrx_word' id='word_1_108' title='bbox 425 3251 628 3356; x_wconf 79' lang='lat' dir='ltr'><strong>Scilicet</strong></span> <span class='ocrx_word' id='word_1_109' title='bbox 649 3244 792 3356; x_wconf 88' lang='lat' dir='ltr'><strong>haud</strong></span> <span class='ocrx_word' id='word_1_110' title='bbox 818 3254 963 3355; x_wconf 90' lang='lat' dir='ltr'><strong>nobis</strong></span> <span class='ocrx_word' id='word_1_111' title='bbox 989 3257 1289 3397; x_wconf 90' lang='lat' dir='ltr'><strong>quidquam,</strong></span> <span class='ocrx_word' id='word_1_112' title='bbox 1312 3257 1402 3396; x_wconf 94' lang='lat' dir='ltr'><strong>qui</strong></span> <span class='ocrx_word' id='word_1_113' title='bbox 1426 3294 1530 3356; x_wconf 93' lang='lat' dir='ltr'><strong>non</strong></span> <span class='ocrx_word' id='word_1_114' title='bbox 1554 3258 1748 3363; x_wconf 88' lang='lat' dir='ltr'><strong>erimus</strong></span> <span class='ocrx_word' id='word_1_115' title='bbox 1773 3284 1949 3397; x_wconf 71' lang='lat' dir='ltr'><strong>tum,·..</strong></span> 
     </span>
     <span class='ocr_line' id='line_1_18' title="bbox 422 3427 1720 3572; baseline 0.005 -44"><span class='ocrx_word' id='word_1_116' title='bbox 422 3427 667 3531; x_wconf 91' lang='lat' dir='ltr'><strong>Accidere</strong></span> <span class='ocrx_word' id='word_1_117' title='bbox 693 3431 898 3530; x_wconf 92' lang='lat' dir='ltr'><strong>omnino</strong></span> <span class='ocrx_word' id='word_1_118' title='bbox 925 3433 1128 3568; x_wconf 85' lang='lat' dir='ltr'><strong>poterit,</strong></span> <span class='ocrx_word' id='word_1_119' title='bbox 1156 3470 1462 3572; x_wconf 87' lang='lat' dir='ltr'><strong>sensumque</strong></span> <span class='ocrx_word' id='word_1_120' title='bbox 1488 3469 1720 3535; x_wconf 86' lang='lat' dir='ltr'><strong>movere:</strong></span> 
     </span>
    </p>
   </div>
   <div class='ocr_carea' id='block_1_3' title="bbox 425 3602 1664 3727">
    <p class='ocr_par' dir='ltr' id='par_1_7' title="bbox 425 3602 1664 3727">
     <span class='ocr_line' id='line_1_19' title="bbox 425 3602 1664 3727; baseline 0.005 -23"><span class='ocrx_word' id='word_1_121' title='bbox 425 3602 547 3704; x_wconf 91' lang='lat' dir='ltr'><strong>Non</strong></span> <span class='ocrx_word' id='word_1_122' title='bbox 575 3607 616 3704; x_wconf 90' lang='lat' dir='ltr'><strong>si</strong></span> <span class='ocrx_word' id='word_1_123' title='bbox 640 3628 775 3705; x_wconf 87' lang='lat' dir='ltr'><strong>terra</strong></span> <span class='ocrx_word' id='word_1_124' title='bbox 800 3606 925 3704; x_wconf 87' lang='lat' dir='ltr'><strong>mari</strong></span> <span class='ocrx_word' id='word_1_125' title='bbox 950 3604 1256 3727; x_wconf 89' lang='lat' dir='ltr'><strong>miscebitur,</strong></span> <span class='ocrx_word' id='word_1_126' title='bbox 1285 3632 1336 3708; x_wconf 90' lang='lat' dir='ltr'><strong>et</strong></span> <span class='ocrx_word' id='word_1_127' title='bbox 1360 3645 1497 3707; x_wconf 89' lang='lat' dir='ltr'><strong>mare</strong></span> <span class='ocrx_word' id='word_1_128' title='bbox 1522 3609 1664 3711; x_wconf 88' lang='lat' dir='ltr'><strong>coelo.</strong></span> 
     </span>
    </p>
   </div>
   <div class='ocr_carea' id='block_1_4' title="bbox 413 3780 1891 4967">
    <p class='ocr_par' dir='ltr' id='par_1_8' title="bbox 413 3780 1891 4967">
     <span class='ocr_line' id='line_1_20' title="bbox 493 3780 1751 3921; baseline 0.005 -40"><span class='ocrx_word' id='word_1_129' title='bbox 493 3780 561 3881; x_wconf 88' lang='lat' dir='ltr'><strong>Et</strong></span> <span class='ocrx_word' id='word_1_130' title='bbox 587 3784 627 3882; x_wconf 88' lang='lat' dir='ltr'><strong>si</strong></span> <span class='ocrx_word' id='word_1_131' title='bbox 644 3782 750 3919; x_wconf 87' lang='lat' dir='ltr'><strong>jam</strong></span> <span class='ocrx_word' id='word_1_132' title='bbox 777 3804 948 3881; x_wconf 91' lang='lat' dir='ltr'><strong>nostro</strong></span> <span class='ocrx_word' id='word_1_133' title='bbox 973 3783 1126 3881; x_wconf 88' lang='lat' dir='ltr'><strong>sentit</strong></span> <span class='ocrx_word' id='word_1_134' title='bbox 1150 3780 1213 3880; x_wconf 92' lang='lat' dir='ltr'><strong>de</strong></span> <span class='ocrx_word' id='word_1_135' title='bbox 1239 3819 1447 3919; x_wconf 91' lang='lat' dir='ltr'><strong>corpore</strong></span> <span class='ocrx_word' id='word_1_136' title='bbox 1475 3804 1751 3921; x_wconf 85' lang='lat' dir='ltr'><strong>postquam</strong></span> 
     </span>
     <span class='ocr_line' id='line_1_21' title="bbox 423 3956 1843 4096; baseline 0.008 -41"><span class='ocrx_word' id='word_1_137' title='bbox 423 3956 678 4056; x_wconf 86' lang='lat' dir='ltr'><strong>Distracta</strong></span> <span class='ocrx_word' id='word_1_138' title='bbox 703 3978 779 4093; x_wconf 85' lang='lat' dir='ltr'><strong>est</strong></span> <span class='ocrx_word' id='word_1_139' title='bbox 803 3957 957 4055; x_wconf 89' lang='lat' dir='ltr'><strong>animi</strong></span> <span class='ocrx_word' id='word_1_140' title='bbox 982 3979 1163 4058; x_wconf 87' lang='lat' dir='ltr'><strong>natura</strong></span> <span class='ocrx_word' id='word_1_141' title='bbox 1186 3959 1471 4096; x_wconf 84' lang='lat' dir='ltr'><strong>animaeque</strong></span> <span class='ocrx_word' id='word_1_142' title='bbox 1496 3981 1757 4095; x_wconf 87' lang='lat' dir='ltr'><strong>potestas:</strong></span> <span class='ocrx_word' id='word_1_143' title='bbox 1837 4018 1843 4025; x_wconf 95' lang='lat'>·</span> 
     </span>
     <span class='ocr_line' id='line_1_22' title="bbox 422 4128 1698 4273; baseline 0.003 -42"><span class='ocrx_word' id='word_1_144' title='bbox 422 4130 513 4232; x_wconf 89' lang='lat' dir='ltr'><strong>Nil</strong></span> <span class='ocrx_word' id='word_1_145' title='bbox 540 4154 710 4229; x_wconf 88' lang='lat' dir='ltr'><strong>tamen</strong></span> <span class='ocrx_word' id='word_1_146' title='bbox 735 4128 830 4229; x_wconf 91' lang='lat' dir='ltr'><strong>hoc</strong></span> <span class='ocrx_word' id='word_1_147' title='bbox 856 4131 921 4230; x_wconf 91' lang='lat' dir='ltr'><strong>ad</strong></span> <span class='ocrx_word' id='word_1_148' title='bbox 947 4170 1053 4253; x_wconf 89' lang='lat' dir='ltr'><strong>nos,</strong></span> <span class='ocrx_word' id='word_1_149' title='bbox 1082 4135 1173 4272; x_wconf 93' lang='lat' dir='ltr'><strong>qui</strong></span> <span class='ocrx_word' id='word_1_150' title='bbox 1199 4156 1330 4235; x_wconf 87' lang='lat' dir='ltr'><strong>coetu</strong></span> <span class='ocrx_word' id='word_1_151' title='bbox 1357 4132 1698 4273; x_wconf 86' lang='lat' dir='ltr'><strong>conjugioque</strong></span> 
     </span>
     <span class='ocr_line' id='line_1_23' title="bbox 422 4304 1752 4448; baseline 0.007 -43"><span class='ocrx_word' id='word_1_152' title='bbox 422 4304 661 4444; x_wconf 79' lang='lat' dir='ltr'><strong>Corporis</strong></span> <span class='ocrx_word' id='word_1_153' title='bbox 686 4328 840 4445; x_wconf 84' lang='lat' dir='ltr'><strong>atquc</strong></span> <span class='ocrx_word' id='word_1_154' title='bbox 868 4311 1048 4409; x_wconf 86' lang='lat' dir='ltr'><strong>animae</strong></span> <span class='ocrx_word' id='word_1_155' title='bbox 1074 4310 1393 4410; x_wconf 89' lang='lat' dir='ltr'><strong>consistimus</strong></span> <span class='ocrx_word' id='word_1_156' title='bbox 1427 4310 1598 4409; x_wconf 91' lang='lat' dir='ltr'><strong>uniter</strong></span> <span class='ocrx_word' id='word_1_157' title='bbox 1621 4313 1752 4448; x_wconf 85' lang='lat' dir='ltr'><strong>apti.</strong></span> 
     </span>
     <span class='ocr_line' id='line_1_24' title="bbox 420 4478 1611 4619; baseline 0.004 -39"><span class='ocrx_word' id='word_1_158' title='bbox 420 4478 548 4601; x_wconf 92' lang='lat' dir='ltr'><strong>Nec,</strong></span> <span class='ocrx_word' id='word_1_159' title='bbox 577 4481 618 4579; x_wconf 88' lang='lat' dir='ltr'><strong>si</strong></span> <span class='ocrx_word' id='word_1_160' title='bbox 639 4481 895 4579; x_wconf 87' lang='lat' dir='ltr'><strong>materiam</strong></span> <span class='ocrx_word' id='word_1_161' title='bbox 922 4502 1144 4579; x_wconf 86' lang='lat' dir='ltr'><strong>nostram</strong></span> <span class='ocrx_word' id='word_1_162' title='bbox 1168 4481 1447 4619; x_wconf 90' lang='lat' dir='ltr'><strong>conlegerit</strong></span> <span class='ocrx_word' id='word_1_163' title='bbox 1470 4506 1611 4603; x_wconf 77' lang='lat' dir='ltr'><strong>aetas</strong></span> 
     </span>
     <span class='ocr_line' id='line_1_25' title="bbox 417 4653 1891 4799; baseline 0.011 -45"><span class='ocrx_word' id='word_1_164' title='bbox 417 4653 538 4754; x_wconf 86' lang='lat' dir='ltr'><strong>Post</strong></span> <span class='ocrx_word' id='word_1_165' title='bbox 564 4653 776 4774; x_wconf 86' lang='lat' dir='ltr'><strong>obitum,</strong></span> <span class='ocrx_word' id='word_1_166' title='bbox 803 4692 1108 4791; x_wconf 89' lang='lat' dir='ltr'><strong>rursumque</strong></span> <span class='ocrx_word' id='word_1_167' title='bbox 1135 4655 1389 4793; x_wconf 89' lang='lat' dir='ltr'><strong>redegerit</strong></span> <span class='ocrx_word' id='word_1_168' title='bbox 1407 4681 1466 4758; x_wconf 91' lang='lat' dir='ltr'><strong>ut</strong></span> <span class='ocrx_word' id='word_1_169' title='bbox 1491 4662 1586 4761; x_wconf 89' lang='lat' dir='ltr'><strong>sita</strong></span> <span class='ocrx_word' id='word_1_170' title='bbox 1608 4700 1755 4769; x_wconf 88' lang='lat' dir='ltr'><strong>nunc</strong></span> <span class='ocrx_word' id='word_1_171' title='bbox 1776 4696 1891 4799; x_wconf 84' lang='lat' dir='ltr'><strong>est,</strong></span> 
     </span>
     <span class='ocr_line' id='line_1_26' title="bbox 413 4826 1843 4967; baseline 0.006 -39"><span class='ocrx_word' id='word_1_172' title='bbox 413 4829 587 4967; x_wconf 88' lang='lat' dir='ltr'><strong>Atque</strong></span> <span class='ocrx_word' id='word_1_173' title='bbox 613 4829 796 4928; x_wconf 87' lang='lat' dir='ltr'><strong>iterum</strong></span> <span class='ocrx_word' id='word_1_174' title='bbox 823 4826 968 4928; x_wconf 88' lang='lat' dir='ltr'><strong>nobis</strong></span> <span class='ocrx_word' id='word_1_175' title='bbox 992 4827 1183 4929; x_wconf 87' lang='lat' dir='ltr'><strong>fuerint</strong></span> <span class='ocrx_word' id='word_1_176' title='bbox 1208 4831 1327 4933; x_wconf 89' lang='lat' dir='ltr'><strong>data</strong></span> <span class='ocrx_word' id='word_1_177' title='bbox 1350 4833 1546 4935; x_wconf 90' lang='lat' dir='ltr'><strong>lumina</strong></span> <span class='ocrx_word' id='word_1_178' title='bbox 1568 4836 1703 4957; x_wconf 82' lang='lat' dir='ltr'><strong>vitae,</strong></span> <span class='ocrx_word' id='word_1_179' title='bbox 1839 4890 1843 4899; x_wconf 93' lang='lat'><em>·</em></span> 
     </span>
    </p>
   </div>
   <div class='ocr_carea' id='block_1_5' title="bbox 0 0 2220 5984">
    <p class='ocr_par' dir='ltr' id='par_1_9' title="bbox 0 0 2220 5984">
     <span class='ocr_line' id='line_1_27' title="bbox 0 0 2220 5984; baseline 0 11"><span class='ocrx_word' id='word_1_180' title='bbox 0 0 2220 5984; x_wconf 95' lang='lat' dir='ltr'><strong> </strong></span> 
     </span>
    </p>
   </div>
  </div>
 </body>
</html>
