4432 5984
730 381 1007 473 return
1073 378 1480 473 (tuturus.
1751 365 1847 484 '193

361 642 516 748 Haud
543 647 700 786 igitur
724 664 955 746 constant
980 641 1149 743 divino
1175 641 1389 779 praedita
1414 679 1578 764 seusu,

361 817 794 960 Quandoquidem
820 840 1084 956 nequeunt
1109 815 1326 915 vitaliter
1351 854 1457 915 esse
1484 819 1716 920 animata.

431 991 564 1093 lllud
593 995 714 1093 item
741 1029 839 1091 non
867 1012 944 1090 est
967 1012 1027 1092 ut
1050 989 1209 1126 possis
1234 989 1455 1111 credere,
1483 991 1626 1094 sedes

363 1165 484 1269 lisse
512 1168 663 1268 detlm
691 1187 886 1268 sanctas
911 1164 962 1263 in
990 1159 1167 1262 mundi
1194 1161 1425 1298 partibus
1451 1166 1597 1268 ullis:
1714 1299 1717 1304 Δ

357 1337 549 1442 Tenuis
574 1341 708 1440 enim
735 1359 915 1439 natura
940 1334 1109 1451 debm,
1136 1332 1390 1470 longeque
1419 1359 1610 1439 remota

360 1512 602 1616 Sensibus
627 1552 657 1615 a
682 1513 879 1631 nostris,
903 1508 1060 1611 ⁷animi
1085 1509 1169 1609 vix
1196 1530 1364 1608 mente
1390 1511 1606 1614 videtur.

362 1684 493 1806 Quae
520 1688 760 1825 quoniam
788 1721 1033 1786 manuum
1056 1705 1247 1784 tactum
1274 1681 1505 1821 subfugit
1529 1707 1580 1784 et
1604 1686 1778 1807 ictum,

356 1856 553 1959 Tactile
578 1860 651 1958 nil
679 1858 823 1959 nobis
850 1861 986 2000 quod
1017 1861 1096 1979 sit,
1124 1859 1416 1995 contingere
1442 1840 1622 1982 debet3

360 2027 594 2169 Tangere
621 2032 758 2131 enirn
784 2070 886 2132 non
912 2033 1040 2171 quit,
1070 2029 1216 2171 quod
1233 2032 1375 2168 tangi
1402 2070 1503 2131 non
1529 2033 1647 2134 licet
1666 2020 1848 2173 ipsum.

363 2203 536 2328 Quare
562 2208 712 2305 etiarn
739 2204 880 2335 sedes
906 2206 1113 2346 quoque
1141 2206 1322 2304 nostris
1350 2204 1556 2306 sedibus
1582 2244 1687 2308 esse

332 2348 336 2356 ¹
363 2378 645 2480 Dissimiles
671 2377 876 2501 debent,
902 2374 1080 2481 tenues
1107 2377 1171 2478 de
1197 2416 1405 2515 corpore
1432 2416 1621 2483 eorum.

364 2556 496 2676 Quae
524 2555 616 2656 tibi
642 2557 889 2693 posterius
913 2554 1056 2691 largo
1082 2537 1310 2651 sermone
1336 2551 1580 2689 probabo.

433 2727 617 2829 Dicere
639 2763 807 2866 porro,
822 2726 1096 2828 bominum
1118 2760 1271 2828 'causa
1293 2725 1507 2827 voluisse
1533 2763 1711 2866 parare

362 2896 665 3000 Praeclaram
691 2898 869 2999 mundi
895 2920 1539 3042 natura1n‚·proptereaquo

364 3070 425 3172 Id
452 3070 707 3173 laudabile
732 3109 862 3211 opus
888 3071 1053 3173 div-dm
1078 3072 1286 3209 laudare
1306 3072 1501 3196 decere,

362 3245 739 3383 AEternumque
762 3265 959 3381 putare,
986 3265 1143 3384 atque
1168 3247 1450 3347 immortale
1475 3247 1723 3371 futurum,

365 3415 416 3518 N
422 3455 477 3518 ec
503 3416 577 3517 fas
603 3453 726 3535 esse,
752 3416 905 3517 deltm
933 3419 1070 3556 quod
1098 3420 1166 3519 sit
1184 3420 1382 3521 ratione
1404 3442 1605 3524 -vetusta

366 3588 619 3693 Gentibus
645 3589 878 3691 humanis
903 3569 1173 3694 fundatum
1199 3616 1450 3730 perpetuo
1475 3634 1599 3715 aevo,

365 3763 646 3866 Sollicitare
673 3766 774 3866 suis
799 3764 906 3869 ulla
929 3764 978 3864 vi
1004 3803 1070 3866 ex
1095 3763 1301 3869 sedibus
1328 3762 1572 3907 unquam,
1663 3775 1669 3788 '

366 3936 480 4042 Nec
504 3937 669 4041 verbis
692 3978 891 4062 vexare,
917 3965 971 4043 et
993 3941 1057 4042 ab
1083 3944 1185 4043 imo
1210 3964 1433 4042 evertere
1458 3942 1704 4044 summam
1723 3936 1752 4070 ;Ι

367 4112 564 4214 Caetcra
591 4113 655 4213 de
680 4151 867 4251 genere
883 4112 989 4218 hoc
1013 4116 1291 4255 adfingere,
1312 4138 1363 4216 et
1388 4116 1590 4237 addere,
1619 4116 1848 4243 Memmi,

367 4285 613 4425 Desipere
639 4308 743 4388 est:
777 4292 910 4429 quid
938 4295 1072 4393 enim
1096 4290 1465 4394 immortalibus
1483 4315 1638 4432 atque
1657 4292 1817 4397 beatis

368 4455 547 4561 Gratia
569 4480 740 4559 nostra
766 4487 921 4601 queat
944 4464 1175 4606 largirier
1196 4466 1543 4586 emolumenti,

367 4630 442 4736 Ut
466 4656 637 4734 nostra
657 4635 946 4776 quidquam
971 4672 1120 4740 causa
1144 4676 1320 4779 gerere
1342 4640 1740 4781 'adgredienturl

367 4807 710 4932 Quidvenovi
730 4812 906 4950 «potuit
928 4835 1071 4915 tanto
1095 4837 1213 4953 post
1236 4837 1353 4916 ante
1379 4816 1578 4954 quietos

366 4981 601 5104 Inlicere,
626 5006 688 5089 ut
702 4984 957 5125 cuperent
979 4986 1134 5090 vitam
1158 5010 1355 5091 mutare
1379 4992 1630 5129 priorem!

1091 5167 1141 5219 κζ
