4432 5984
716 345 987 435 LIBER
1047 340 1449 435 QUINTUS.
1750 340 1845 448 195

360 598 473 703 Hoc
497 627 664 705 tamen
693 645 756 706 ex
781 603 902 743 ipsis
928 601 1038 701 coeli
1064 601 1343 704 rationibus
1368 607 1526 705 ausim

360 771 687 899 Confirmare,
714 777 926 916 aliisque
953 814 1016 875 ex
1041 774 1194 877 rebus
1219 778 1432 878 reddere
1456 779 1644 900 multis,
1704 850 1729 867 .-

360 943 412 1046 N
417 988 707 1089 equaquam
733 950 878 1053 nobis
903 948 1144 1052 divinitus
1169 987 1276 1052 esse
1300 975 1531 1090 paratam
1717 935 1723 950 ⁰

360 1117 614 1223 Naturam
641 1164 826 1246 rerum,
852 1146 994 1225 tanta
1018 1146 1118 1224 stat
1142 1125 1358 1262 praedita
1382 1127 1549 1264 culpa.

429 1295 703 1437 Principio,
731 1324 981 1442 quantum
1007 1299 1118 1401 coeli
1141 1301 1272 1437 tegit
1295 1301 1516 1438 impetus
1541 1302 1736 1440 ingene,

359 1466 486 1571 lude
512 1473 709 1575 avidam
735 1498 931 1613 partem
959 1497 1167 1595 monteS,
1188 1474 1446 1614 sylv'aeque
1464 1473 1685 1574 ferarum

360 1641 649 1767 Possedere,
676 1671 853 1750 tenent
877 1685 1046 1787 rupes,
1071 1670 1326 1786 vastaeque
1352 1648 1583 1786 paludes,
1624 1726 1644 1771 .,

360 1815 430 1918 Et
454 1858 607 1943 mare,
635 1823 774 1963 quod
798 1825 899 1925 late
923 1847 1174 1925 terrarum
1199 1803 1408 1920 distinet
1427 1859 1553 1923 oras.

319 2108 321 2113 ¹
360 1990 487 2093 Inde
514 1995 639 2097 duas
664 2035 815 2134 porro
839 2036 1000 2136 prope
1024 1971 1212 2136 parteis
1238 1992 1460 2094 fervidus
1486 1995 1651 2133 ordor,
1801 1982 1827 1988 ⁴⁵

359 2167 711 2310 Assiduusque
736 2173 838 2311 geli
863 2209 1006 2275 casus
1032 2165 1328 2269 mortalibus
1354 2168 1533 2269 aufert.
1692 2302 1696 2309 Ι

433 2336 586 2461 Quod
615 2366 844 2482 superest
868 2347 989 2467 arvi,
1016 2367 1184 2445 tamen
1212 2342 1262 2442 id
1291 2366 1472 2444 natura
1496 2381 1586 2444 sua
1609 2344 1659 2444 vi
1691 2329 1694 2333 ⁵

362 2512 603 2616 Sentibus
627 2515 865 2638 obducat,
891 2518 1042 2620 nivis
1068 2516 1290 2617 humana
1315 2518 1532 2637 resistat,
1629 2638 1633 2647 .
1667 2636 1670 2643 Α

360 2685 500 2789 Vitat
524 2727 675 2792 causa
693 2689 862 2791 valido
888 2713 1127 2792 consueta
1153 2688 1347 2790 bidenti
1665 2664 1672 2675 ι

221 2979 227 2995 ·
363 2857 644 2999 Ingemere,
671 2884 723 2962 et
744 2883 931 2964 terram
956 2865 1139 3001 pressis
1164 2833 1485 3001 proscindere
1500 2854 1717 2998 ¹aratris:

365 3036 420 3137 Si
446 3073 548 3135 non
574 3034 833 3136 foecundas
857 3058 1107 3138 vertentes
1133 3075 1337 3137 vomere
1357 3035 1548 3175 glebae,

358 3205 641 3348 Terraique
667 3211 830 3310 solum
855 3206 1164 3348 subigentes,
1191 3210 1349 3355 cimus
1373 3210 1438 3311 ad
1464 3235 1623 3346 ortus,

362 3383 555 3524 Sponte
581 3421 671 3484 sua
696 3404 955 3522 nequeant
978 3382 1200 3523 liquidas
1225 3388 1440 3487 existere
1467 3387 1520 3486 in
1546 3425 1708 3488 auras.

436 3557 504 3661 Et
527 3559 976 3662 tameninterdum
1004 3596 1189 3696 magno
1215 3559 1429 3697 quaesita
1452 3556 1641 3680 labore,

361 3732 535 3856 Quom
551 3734 657 3871 jam
682 3771 775 3871 per
798 3755 957 3833 terras
981 3730 1236 3853 frondent,
1262 3754 1417 3872 atque
1442 3734 1611 3834 omnia
1635 3737 1838 3857 florent,

360 3908 469 4010 Aur
493 3908 659 4008 nimiis
683 3929 842 4007 torret
865 3902 1147 4006 fervoribus
1169 3902 1407 4004 aetberius
1432 3906 1523 4025 sol,

359 4083 467 4186 Aut
491 4081 645 4183 subiti
669 4081 928 4221 perimunt
953 4077 1154 4199 imbres,
1181 4078 1469 4218 gelidaeque
1494 4083 1710 4218 pruinae,

361 4256 648 4395 Flabraque
673 4278 937 4358 ventorum
952 4255 1191 4379 uiolento
1210 4249 1415 4353 turbine
1438 4278 1640 4360 vexant.

430 4429 683 4533 Praeterea
707 4469 869 4568 genus
895 4429 1198 4536 horriferum
1224 4458 1407 4537 natura
1430 4436 1666 4562 ferarum,
1804 4515 1812 4575 3

362 4604 618 4709 Humanae
642 4606 783 4745 genti
809 4604 1065 4729 infestum,
1090 4630 1327 4748 terraque
1352 4612 1598 4752 marique,

363 4776 471 4881 Cur
494 4778 584 4879 alit
607 4800 762 4917 atque
787 4782 971 4917 auget?
1008 4820 1101 4883 our
1124 4786 1242 4884 anni
1267 4805 1496 4924 tempora
1522 4788 1728 4892 morbos

358 4952 683 5102 Adportantl
723 4989 880 5091 quare
905 4991 1038 5057 mors
1062 4956 1330 5061 immatura
1348 4964 1593 5098 uagatur?

1071 5136 1088 5196 2
1098 5140 1116 5184 C
1126 5137 1143 5186 Ι
