4432 5984
723 382 999 474 LIBER
1062 379 1490 477 QUARTUS·
1755 368 1853 482 169

365 643 474 746 Aut
498 645 595 746 alia
619 681 683 742 ex
708 641 805 740 alia
828 639 995 761 facien,
1014 663 1241 779 aetasque
1267 660 1538 781 sequatur:

367 817 522 938 Quod
548 857 610 919 ne
636 817 893 934 miremur,
920 850 1085 951 sopor,
1112 836 1266 953 atque
1291 813 1477 914 oblivia
1501 833 1697 913 curant.

435 991 581 1094 Istud
605 992 657 1091 in
685 988 762 1090 his
786 987 938 1089 rebus
962 989 1139 1090 vitium
1165 985 1488 1088 vehementer
1506 988 1689 1086 inesse:

366 1159 607 1302 Effugere
633 1198 870 1281 errorem,
895 1163 1157 1300 vitareque
1182 1183 1590 1296 praemetuenter‚

298 1316 303 1325 ¹
367 1334 586 1436 Lumina
609 1372 673 1434 ne
699 1333 849 1434 facias
875 1333 1133 1434 oculorum
1161 1335 1294 1435 clara
1317 1356 1500 1455 creata,

363 1507 657 1645 Prospicere
683 1529 743 1606 ut
764 1511 1040 1643 possimns;
1078 1530 1145 1629 et,
1173 1530 1232 1609 ut
1254 1508 1480 1648 proferre
1505 1506 1604 1611 viai‘

363 1679 605 1782 Proceros
628 1716 820 1817 passus,
847 1679 962 1781 ideo
986 1679 1186 1819 fastigia
1209 1718 1355 1821 posse

364 1859 626 1976 Surarum,
654 1893 710 1957 ac
734 1853 978 1957 feminum
1003 1854 1221 1991 pedibus
1246 1855 1459 1957 fundata
1482 1856 1690 1994 plicari3

362 2031 579 2134 Brachia
604 2054 714 2130 tum
739 2067 891 2168 porro
918 2031 1095 2134 validis
1120 2070 1184 2133 ex
1210 2053 1330 2169 apta
1354 2031 1552 2133 lacertis
1702 2100 1706 2107 -

363 2205 504 2327 Esse,
532 2245 813 2345 manusque
838 2205 981 2306 datas
1007 2231 1222 2348 utraque
1248 2247 1279 2308 a
1302 2228 1446 2345 parte
1472 2206 1740 2328 ministras,

362 2378 438 2480 Ut
461 2380 624 2480 facere
651 2380 715 2477 ad
742 2379 891 2478 vitam
919 2382 1165 2516 possimus
1189 2420 1315 2522 quae
1332 2381 1463 2482 foret
1485 2418 1622 2483 usus,

433 2551 635 2655 Caetera
658 2554 721 2653 de
747 2590 932 2691 genere
956 2552 1052 2656 hoe
1069 2556 1203 2656 inter
1221 2593 1542 2695 quaeeunque
1562 2579 1845 2695 pretantur,

363 2724 554 2827 Omnia
576 2764 810 2864 perversa
833 2749 1145 2866 praepostera
1166 2749 1286 2832 eunt
1309 2729 1533 2852 ratione;

362 2901 456 3003 Nil
483 2901 609 3003 adeo
635 2901 877 3041 quoniam
902 2921 1078 2999 natum
1103 2922 1180 3000 est
1202 2901 1255 3001 in
1282 2938 1508 3039 corpore,
1535 2924 1594 3002 ut
1616 2904 1694 3003 uti

361 3074 645 3194 Possemus‚
672 3075 760 3175 sed
786 3071 925 3213 quod
950 3093 1127 3172 natum
1152 3095 1244 3192 est,
1270 3073 1320 3173 id
1349 3098 1582 3211 procreat
1604 3114 1785 3178 usum:

360 3245 475 3352 Nec
500 3248 600 3349 fuit
625 3272 740 3350 ante
764 3248 935 3347 videre
959 3247 1219 3348 oculorum
1246 3248 1441 3348 lumina
1463 3272 1612 3375 nata3

359 3419 415 3522 N
418 3461 475 3522 ec
502 3421 649 3522 dictis
673 3459 817 3521 orare
843 3421 998 3559 prius,
1027 3458 1181 3560 quam
1207 3421 1385 3559 lingna
1408 3444 1574 3523 creata
1599 3444 1704 3522 est:

360 3594 463 3695 Sed
488 3596 661 3734 potius
684 3595 836 3732 longe
861 3594 1054 3732 lingnae
1077 3595 1335 3734 praecessit
1355 3595 1497 3734 origo

359 3769 653 3871 Sermonem
672 3811 685 3890 ;
722 3769 989 3906 multoque
1013 3792 1195 3870 creatae
1219 3790 1339 3869 sunt
1360 3771 1503 3906 prius
1526 3806 1690 3889 aures,

359 3940 530 4062 Quam
549 3980 701 4042 sonus
725 3963 802 4041 est
827 3943 1060 4046 auditus:
1098 3966 1152 4042 et
1174 3944 1345 4045 omnia
1369 3942 1592 4079 denique
1618 3937 1843 4041 membra

355 4121 495 4219 Ante
518 4117 661 4218 fuere
685 4120 772 4249 (ut
794 4116 1002 4252 opinor)
1027 4154 1200 4218 eornm
1228 4155 1382 4256 quam
1405 4114 1537 4216 foret
1559 4150 1712 4216 usus:

358 4291 513 4394 Haud
541 4289 699 4429 igitur
719 4310 931 4427 potuere
954 4288 1133 4391 utendi
1158 4326 1378 4391 creseere
1401 4322 1567 4389 eausa.

424 4463 499 4566 At
545 4484 723 4564 contra
745 4459 974 4564 conferre
997 4496 1152 4561 manu
1177 4458 1453 4561 certamina
1475 4496 1683 4598 pugnae,

355 4638 429 4741 Et
448 4640 670 4743 lacerare
694 4660 851 4756 anne,
876 4632 1169 4772 foedareque
1192 4632 1421 4735 membra
1437 4668 1632 4753 cruore,

353 4815 493 4914 Ante
517 4811 618 4913 fuit
638 4808 816 4929 multo,
843 4844 997 4949 quam
1022 4806 1193 4908 lucida
1214 4808 1319 4909 tela
1339 4806 1596 4907 volarent:

354 4988 426 5092 Et
447 4988 629 5091 volnus
654 4989 812 5089 vitare
835 4985 979 5124 pn‘us
1003 5006 1186 5087 natura
1207 4980 1377 5120 coegit
