4432 5984
360 321 484 480 aba
684 387 744 477 r.
812 349 1246 476 Lucanum
1312 363 1526 480 cum

431 650 513 751 Fit
538 684 761 788 quoque,
788 666 845 746 ut
870 641 1006 744 hunc
1030 645 1236 746 veniant
1260 643 1312 744 in
1331 668 1515 748 coetum
1536 623 1851 750 extrinsecus

501 825 589 924 illa
741 806 787 836 ⁸
1585 833 1590 839 ’
1804 828 1811 840 ’

269 1006 271 1010 '
364 999 607 1136 Corpora,
635 992 762 1135 quaa
777 991 972 1094 faciunt
995 991 1192 1116 nubeis,
1213 992 1521 1135 nimbosque
1545 997 1809 1099 volanteis.

363 1166 1847 1311 Innumerabilemenimnumerum,summamqueprofundi

363 1344 487 1448 Esse
513 1343 762 1444 infinitam
789 1340 968 1442 docui:
1009 1342 1302 1480 quantaque
1327 1344 1555 1444 volarent
1636 1406 1640 1411 -
1810 1354 1816 1378 ⁷

359 1517 594 1656 Corpora
618 1513 913 1634 mobilitate,
940 1514 1154 1634 ostendi,
1183 1552 1442 1654 quamque
1466 1539 1674 1657 reperite
1767 1561 1769 1565 ¹
1807 1542 1811 1549 '

364 1686 766 1794 Immemorabile
791 1724 888 1824 per
907 1687 1127 1824 spatium
1151 1689 1363 1787 transire
1387 1688 1621 1793 solerent.
1647 1704 1651 1710 ’
1678 1744 1681 1748 ·

367 1864 522 1968 Haud
549 1863 707 2001 igitur
730 1861 913 1989 mirum
939 1883 1034 1976 est,
1061 1861 1103 1960 si
1126 1900 1280 2001 parvo
1310 1885 1533 2000 tempore
1558 1902 1692 2003 saepc

363 2039 492 2141 Tam
516 2073 726 2175 magnos
751 2036 964 2134 monteis
987 2055 1275 2173 tempestas,
1303 2056 1458 2173 atquc
1483 2038 1709 2142 tenebrae

367 2212 675 2352 Cooperiaut
698 2210 870 2328 maria,
898 2247 955 2308 ac
981 2230 1152 2326 terras,
1178 2208 1405 2345 impensa
1430 2238 1675 2347 superne}

364 2385 614 2526 Undique
639 2381 1056 2524 quandoquidem
1081 2418 1175 2518 per
1198 2383 1366 2482 caulas
1391 2382 1593 2485 aetheris
1620 2391 1828 2512 omneis,

366 2563 434 2666 Et
460 2562 603 2701 quasi
628 2555 916 2697 permagni
942 2554 1130 2654 circum
1156 2557 1404 2691 spiracula
1427 2559 1603 2659 mundi

366 2725 551 2839 Editus
574 2733 912 2868 introitusque
937 2728 1196 2827 elementis
1220 2728 1449 2830 redditus
1475 2755 1653 2836 exstat.
1716 2752 1720 2758 ’

437 2908 593 3010 Nunc
620 2943 729 3043 age,
750 2942 854 3043 quo
878 2927 1028 3042 pacto
1053 2905 1255 3041 pluvius
1279 2932 1563 3008 concrescat
1588 2911 1637 3009 in
1667 2913 1779 3016 altis

366 3081 610 3188 Nubibus
635 3078 833 3196 humor,
861 3080 987 3218 etin
1013 3101 1171 3178 terras
1198 3077 1441 3179 demissus
1469 3104 1524 3180 ut
1548 3083 1712 3186 imber

366 3255 601 3373 Decidat,
627 3251 910 3388 expediam.
984 3226 1210 3350 Primum
1228 3251 1335 3387 jam
1362 3255 1551 3353 semina
1574 3266 1727 3394 aquai
1754 3309 1758 3319 ·

367 3428 538 3530 Multa
562 3424 709 3524 simul
731 3425 922 3525 vincam
944 3461 1245 3561 consurgere
1271 3423 1495 3525 nubibus
1520 3429 1640 3564 ipsis
1759 3468 1775 3491 ,-

368 3599 623 3705 Omnibus
649 3637 710 3697 ex
738 3595 906 3717 rebus
933 3598 1226 3737 pariterque
1251 3599 1322 3698 ita
1347 3637 1565 3700 crescere
1587 3626 1846 3745 utrasque,

367 3776 437 3878 Et
461 3772 656 3891 nobaia,
682 3794 735 3872 et
757 3808 941 3910 aquam
961 3778 1285 3909 quaeeunque
1309 3773 1362 3872 in
1389 3771 1611 3876 nubibus
1636 3804 1801 3882 exstat
1815 3824 1830 3907 ;

365 3947 655 4086 Ut·,pariter
678 3944 823 4046 nobis
849 3983 1031 4082 corpus
1058 3947 1483 4084 quomsanguine
1508 3953 1700 4074 crescit,

369 4122 537 4225 Sudor
579 4122 699 4220 item
741 4143 895 4261 atque
944 4118 1125 4220 humor
1168 4121 1464 4262 quicunque
1508 4150 1584 4228 est
1625 4129 1847 4270 denique

378 4313 381 4318 '
505 4291 758 4394 membris.
1847 4298 1850 4305 ’

370 4468 680 4605 Concipiunt
702 4469 853 4566 etiam
880 4469 1097 4568 multum
1125 4444 1330 4609 qboque
1356 4507 1490 4609 saepe
1518 4474 1765 4576 marinum

371 4641 669 4755 Humorem,
696 4639 852 4739 veluti
878 4642 1152 4778 pendentia
1177 4643 1363 4744 vellera
1387 4644 1550 4765 lanae,-

371 4813 537 4933 Quom
567 4805 750 4948 supera
774 4840 1017 4952 magnum
1042 4815 1179 4916 renti
1206 4855 1342 4919 mare
1366 4817 1543 4920 nubila
1566 4845 1786 4958 portant.
1860 4956 1863 4963 Ι

374 4985 642 5089 Consimili
658 4978 850 5088 ratione
876 5025 939 5089 ex
964 4989 1199 5092 omnibus
1223 4990 1456 5096 amnibus
1480 4964 1664 5100 humor
