4432 5984
339 366 462 469 *136
577 373 1105 469 T.LUCRET11
1170 375 1381 471 CARI
1446 376 1741 472 unm.

362 637 509 739 AEtas
533 655 649 771 post
674 655 904 755 mortem,
931 672 1049 774 quae
1072 658 1229 736 restat
1252 674 1490 776 cumque,
1516 632 1809 739 manenda.

434 808 676 948 Denique
701 830 966 946 tantopere
992 812 1046 910 in
1071 809 1240 911 dubiis
1264 810 1520 948 trepidare
1544 812 1765 950 periclis

364 985 497 1106 Quae
522 984 655 1085 mala
678 1022 770 1085 nos
796 984 989 1124 subigit
1011 988 1132 1086 vitai
1156 1007 1296 1085 tanta
1320 982 1542 1120 cupido?

364 1162 519 1263 Certa
543 1162 750 1300 quidem
778 1160 893 1259 finis
918 1160 1034 1259 vitae
1060 1157 1356 1258 mortalibus
1382 1158 1562 1280 adstat,

363 1333 476 1438 Nec
497 1335 707 1435 devitari
733 1333 929 1434 lethum
954 1355 1090 1470 pote,
1118 1332 1245 1470 quin
1269 1330 1525 1435 obeamus.

432 1507 701 1627 Praeterea,
728 1545 985 1608 versamur
1008 1505 1216 1626 ibidem,
1244 1528 1399 1647 atque
1419 1510 1647 1613 insumus
1663 1544 1887 1649 usque:

246 1670 255 1679 ⁸
362 1682 412 1785 N
419 1722 475 1784 eo
502 1722 630 1782 nova
653 1683 869 1784 vivendo
895 1682 1195 1820 procuditur
1218 1681 1323 1780 ulla
1345 1684 1593 1822 voluptas.

364 1857 464 1958 Sed
492 1860 614 1959 dum
641 1856 783 1957 abest
808 1856 947 1995 quod
973 1892 1194 1975 avemus,
1221 1855 1273 1955 id
1301 1894 1606 1995 exsuperare
1624 1846 1866 1961 'videtur

366 2030 594 2133 Cretera:
634 2054 755 2167 post
779 2031 935 2151 aliud,
964 2068 1119 2169 quom
1146 2033 1360 2168 contigit
1383 2030 1528 2150 illud,
1554 2068 1810 2157 avemus3

363 2205 433 2307 Et
458 2207 565 2307 sitis
590 2243 740 2344 aequa
763 2226 905 2313 tenet
927 2204 1049 2305 vitai
1074 2240 1272 2341 semper
1296 2201 1541 2305 hianteis:

363 2378 675 2518 Posteraqne
700 2380 752 2481 in
779 2378 938 2480 dubio
963 2402 1039 2479 est
1063 2378 1321 2479 fortunam
1350 2415 1504 2515 quam
1528 2372 1684 2477 vehat
1706 2400 1873 2501 aetas,

365 2550 568 2672 Quidve
593 2552 723 2652 ferat
746 2552 893 2653 nobis
918 2592 1076 2675 casus,
1111 2556 1263 2693 quive
1289 2553 1454 2653 exitus
1478 2552 1646 2651 instet.

434 2720 486 2825 N
491 2762 548 2825 eo
573 2761 825 2860 prorsum,
851 2726 1006 2825 vitam
1033 2726 1283 2848 ducendo,
1313 2726 1563 2826 demimus
1587 2722 1765 2829 hilum

360 2894 613 3036 Tempore
639 2898 703 2997 de
728 2901 919 3021 mortis,
946 2939 1039 3001 nec
1066 2900 1314 3001 delibrare
1333 2900 1573 3019 valemus,

365 3068 485 3189 Quo
511 3071 677 3170 minus
703 3108 809 3170 esse
836 3072 925 3174 diu
951 3075 1199 3210 possimus
1225 3095 1385 3174 morte
1410 3072 1641 3211 peremti.

363 3241 585 3345 Proinde
610 3244 730 3345 lieet
756 3269 884 3383 quot
906 3248 981 3346 vis
1004 3247 1220 3347 vivendo
1240 3246 1455 3348 condere
1480 3247 1642 3367 saeola,

362 3415 507 3517 Mors
533 3441 723 3517 aeterna
747 3440 916 3519 tamen
945 3418 1104 3519 nihilo
1129 3421 1295 3520 minus
1320 3420 1408 3519 illa
1433 3418 1690 3523 manebit:

364 3589 480 3692 Nec
505 3592 674 3691 minus
700 3592 785 3692 ille
813 3592 898 3693 diu
920 3595 1028 3732 jam
1054 3633 1155 3693 non
1182 3595 1293 3713 erit,
1320 3632 1384 3692 ex
1409 3591 1654 3695 hodierno

364 3764 581 3866 Lumine
610 3768 700 3906 qui
728 3767 880 3869 finem
905 3770 1027 3869 vitai
1052 3768 1187 3889 fecit,
1214 3791 1265 3869 et
1290 3768 1374 3868 ille
1745 3752 1752 3761 ⁵

363 3940 636 4045 Mensibus
661 3969 816 4087 atque
843 3944 986 4045 annis
1013 3945 1103 4082 qui
1130 3942 1303 4043 multis
1327 3939 1510 4043 occidit
1535 3964 1668 4045 ante.
