4432 5984
357 249 431 351 44
685 259 746 348 Τ.
810 246 1233 349 LUCRETII
1293 259 1508 352 CARI

361 514 535 637 Quare
551 517 704 617 etium
727 537 884 655 atque
907 517 1058 616 etiam
1083 514 1299 617 suboriri
1317 519 1482 621 multa
1505 556 1707 622 neeesse
1728 504 1861 623 est.-

359 688 431 792 Et
452 713 622 791 tamen
648 712 707 788 ut
728 689 897 826 plagae
924 725 1131 829 qnoque
1152 693 1351 828 possint
1372 686 1648 833 suppetere
1669 696 1826 834 ipsus,

361 863 571 967 Infinita
593 901 723 1001 opus
748 886 824 963 est
847 866 922 966 vis
948 867 1176 1006 nudique
1199 868 1441 970 materiai.
1855 850 1858 855 ’

431 1036 570 1139 Illud
594 1040 648 1137 in
673 1036 752 1139 his
775 1035 928 1140 rebus
952 1040 1105 1178 louge
1127 1040 1252 1178 fuge
1275 1041 1497 1162 credere,
1525 1042 1754 1164 Memmi,

362 1213 425 1315 In
451 1212 674 1313 medium
694 1249 905 1314 summus
927 1214 1096 1352 (quod
1114 1213 1315 1348 dicunt)
1341 1217 1510 1316 omnia
1535 1219 1645 1338 niti,
1857 1206 1866 1227 ⁸

361 1391 535 1528 Atque
560 1387 675 1489 ideo
699 1386 878 1486 mnndi
903 1411 1135 1487 naturam
1161 1410 1292 1487 sture
1316 1389 1426 1487 sine
1449 1391 1566 1491 ullis

361 1566 556 1670 Ictibus
579 1565 817 1684 externis,
842 1601 1013 1702 neque
1037 1599 1299 1701 quoquam
1322 1598 1469 1699 posse
1492 1566 1671 1668 resolvi

363 1743 574 1844 Summa
597 1764 754 1879 atque
773 1742 891 1858 ima,
915 1735 1056 1875 qnod
1080 1734 1134 1833 in
1151 1731 1374 1834 medium
1395 1736 1679 1840 sintomnin
1693 1739 1822 1841 nixo
1830 1782 1850 1864 3

362 1915 566 2054 (Ipsum
592 1917 634 2016 si
658 1913 941 2053 quidquam
967 1906 1190 2048 possein
1216 1945 1269 2007 se
1293 1908 1467 2011 sistere
1490 1912 1684 2038 credis3

363 2091 432 2192 Et
457 2129 576 2230 qnae
601 2087 831 2229 pondera
853 2107 972 2186 snut
996 2083 1091 2184 snb
1115 2085 1263 2185 terris
1287 2085 1457 2185 omnia
1480 2123 1681 2191 sursum
1778 2086 1781 2091 ⁴

364 2263 552 2385 Nitier‚
571 2263 626 2363 in
648 2284 887 2398 terraque
909 2281 1047 2359 retro
1071 2261 1385 2400 requiescere
1408 2265 1583 2398 pdsm3

362 2435 440 2541 Ut
462 2475 555 2574 per
579 2473 738 2575 aquas
762 2472 879 2572 qnae
904 2471 1041 2533 nnnc
1065 2470 1234 2534 rernm
1258 2435 1525 2537 simulacro
1553 2437 1782 2542 videmus
1801 2445 1849 2577 t)

363 2610 432 2714 Et
456 2611 604 2712 simili
629 2609 823 2709 ratione
845 2607 1080 2707 animalia
1103 2643 1267 2744 suppa
1289 2609 1461 2746 vagari
1850 2624 1855 2631 '

369 2786 715 2906 Contendunt,
742 2821 909 2921 neque
928 2820 1074 2918 posse
1097 2818 1126 2882 e
1150 2782 1296 2881 terris
1321 2777 1374 2882 in
1401 2783 1510 2884 loen
1535 2786 1645 2886 coeli

363 2963 609 3065 Recidere
632 2956 872 3059 inferiora
893 2958 1069 3094 magis,
1097 2991 1251 3092 qnam
1265 2988 1484 3094 ‘corpora
1507 2952 1680 3060 nostre

365 3137 557 3275 Sponte
582 3171 674 3236 sun
690 3132 886 3269 possint
910 3131 962 3229 in
987 3131 1098 3230 noeli
1124 3126 1318 3265 templa
1339 3130 1537 3231 volare:

362 3312 444 3415 Illi
471 3349 628 3451 quom
642 3308 849 3410 videant
871 3305 1043 3423 solem,
1070 3341 1161 3402 nos
1184 3301 1349 3405 sideru
1369 3299 1542 3405 noctis

366 3485 602 3604 Cernere,
630 3504 681 3582 et
705 3479 910 3581 alternis
935 3474 1197 3578 nobiscnm
1222 3498 1452 3614 tempora
1473 3479 1585 3578 coeli

365 3660 624 3777 Dividere,
650 3678 702 3755 et
726 3655 915 3754 noeteis
939 3652 1143 3789 perileis
1167 3654 1376 3790 agitare,
1403 3651 1631 3792 diesque.
1808 3680 1811 3687 '

434 3832 536 3934 Sed
560 3867 720 3932 vanus
744 3827 938 3929 stolidis
964 3824 1072 3926 haec
1096 3829 1267 3926 omnia
1289 3826 1496 3926 finxerit
1518 3864 1675 3952 error,

364 4009 605 4146 Amplexi
631 4004 772 4144 qnod
796 4002 988 4104 habent
1012 4003 1432 4140 perverseprima
1455 4004 1568 4106 viai.

367 4181 418 4286 N
424 4222 505 4283 am
530 4179 756 4282 medinm
780 4177 908 4322 nihil
934 4215 1039 4277 esse
1062 4197 1246 4312 potest,
1272 4170 1364 4273 ubi
1390 4169 1563 4297 inane,'
1582 4175 1826 4319 lncnsqne

367 4358 603 4463 Infinita:
640 4391 809 4494 neque
833 4353 1055 4471 omnino,
1081 4351 1122 4450 si
1141 4349 1250 4486 jem
1274 4346 1501 4448 medinm
1527 4343 1608 4471 sit',
1694 4388 1697 4395 ·

221 4532 226 4542 ’
366 4530 532 4632 Possit
556 4528 627 4630 ibi
654 4528 938 4669 quidquam
963 4526 1057 4627 huc
1081 4524 1253 4662 potius
1277 4524 1547 4627 consistere
1563 4552 1737 4651 'cunsn,

368 4702 539 4824 Quam
563 4703 739 4843 quavis
757 4702 863 4801 ulia
883 4700 1036 4838 lunge
1061 4695 1512 4833 regione‘manere;
1627 4690 1650 4700 ”
1700 4689 1707 4701 ’

369 4878 550 4980 Omnis
576 4878 711 4977 enim
734 4872 891 4997 locus,
917 4911 975 4975 ae
1000 4873 1237 5011 spatium,
1259 4872 1855 5012 qnodinuuevoeamns'
