4432 5984
421 401 524 500 234
745 413 806 501 T.
872 410 1291 503 LUCRETII
1357 412 1569 504 CARI

421 668 516 789 Sit,
542 670 679 769 vario
705 691 845 767 motu
871 706 989 806 quae
1015 669 1230 771 candida
1256 670 1420 770 sidera
1444 694 1623 772 verset.

416 842 605 946 Tentat
629 846 763 945 enim
789 843 997 946 dubiam
1024 865 1242 943 mentem
1268 843 1476 944 rationis
1501 866 1713 984 egestas,

419 1012 732 1154 quuaenam
758 1016 912 1117 fuerit
937 1015 1113 1115 mundi
1138 1016 1374 1152 genitalis
1399 1017 1573 1154 origo:

417 1186 487 1290 Et
511 1192 676 1310 simul,
704 1230 879 1329 ecquae
907 1192 972 1290 sit
995 1191 1125 1308 finis,
1154 1188 1323 1328 quoad
1349 1191 1533 1291 moeuia
1557 1190 1750 1311 mundi,

416 1360 487 1463 Et
510 1367 637 1465 tanti
664 1388 829 1465 motus
854 1363 992 1466 huno
1018 1365 1211 1501 possint
1236 1362 1367 1462 ferre
1393 1363 1648 1467 laborem:

414 1536 497 1637 An
527 1539 768 1639 divinitus
794 1563 981 1641 aeterua
1010 1538 1194 1637 donata
1221 1535 1399 1658 salute,

415 1709 671 1850 Perpetuo
698 1714 891 1850 possint
915 1714 1008 1813 aevi
1034 1711 1256 1812 labentia
1282 1734 1462 1833 tractu,

414 1884 655 1986 Immensi
679 1886 869 1986 validas
895 1887 989 1986 aevi
1015 1907 1334 1985 contemnere
1354 1890 1518 1991 vireis,

484 2057 754 2181 Praeterea,
783 2062 903 2198 quoi
929 2098 1028 2158 non
1057 2060 1253 2195 animus
1278 2061 1546 2164 formidine
1573 2064 1738 2166 divom

415 2231 778 2333 Contrahiturl
817 2236 938 2372 quoi
966 2271 1067 2331 non
1093 2257 1376 2370 conrepunt
1400 2234 1626 2336 membra
1651 2276 1852 2375 pavore,

413 2404 661 2508 Fulminis
688 2405 916 2506 horribili
943 2443 1097 2544 quom
1125 2405 1277 2543 plaga
1302 2409 1492 2508 torrida
1517 2409 1668 2510 tellus

412 2579 712 2702 Contremit,
741 2605 793 2680 et
818 2618 1059 2719 magnum
1085 2604 1390 2716 percurrunt
1414 2620 1674 2683 murmura
1693 2584 1901 2687 ooeluml

411 2754 531 2856 Non
560 2757 738 2893 populi
765 2778 1046 2892 gentesque
1072 2756 1329 2855 tremunt?
1367 2792 1616 2892 regesque
1642 2755 1847 2894 superbi

411 2926 723 3066 Conripiunt
748 2930 912 3029 divom
940 2928 1157 3065 perculsi
1186 2915 1409 3028 membra
1435 2930 1631 3048 timore,

411 3102 496 3204 Ne
526 3103 664 3243 quod
692 3102 757 3203 ob
786 3104 1059 3204 admissum
1084 3102 1233 3223 foede,
1263 3104 1515 3206 dictumve
1543 3104 1760 3243 superbe

407 3278 676 3380 Poenarum
701 3317 855 3416 grave
881 3279 945 3377 sit
970 3276 1192 3378 solvendi
1215 3300 1420 3413 tempus
1447 3278 1713 3380 adactum?

407 3452 616 3554 Summa
641 3456 790 3554 etiam
818 3492 970 3591 quom
998 3454 1072 3552 vis
1096 3453 1303 3554 violenti
1330 3490 1421 3589 per
1446 3491 1581 3554 mare
1607 3458 1743 3558 venti

405 3626 827 3767 lnduperatorem
853 3626 1019 3728 classis
1046 3664 1197 3762 super
1223 3665 1431 3764 aequora
1455 3630 1625 3750 verrit,

407 3802 538 3905 Cum
564 3803 743 3905 validis
768 3801 959 3940 pariter
982 3798 1268 3934 legionibus
1295 3823 1450 3939 atque
1476 3802 1789 3941 elephantis:

405 3977 527 4079 Non
556 3980 719 4078 divbm
748 4012 921 4112 pacem
947 3975 1075 4073 votis
1101 3973 1238 4072 aditl
1278 4010 1334 4073 ac
1360 4011 1508 4110 prece
1536 3980 1725 4115 quaesit

402 4149 686 4254 Ventorum
712 4148 926 4286 pavidus
954 4185 1102 4284 paces
1128 4146 1421 4283 animasque
1442 4151 1718 4254 secundas?

403 4322 804 4464 Nequidquam:
846 4322 1085 4459 quoniam
1105 4321 1324 4419 violento
1349 4319 1553 4422 turbine
1579 4292 1717 4462 saepe

392 4496 693 4635 'Conreptus
719 4493 878 4594 nihilo
903 4494 1065 4594 fertur
1088 4494 1256 4593 minus
1281 4496 1342 4593 ad
1370 4494 1499 4596 vada
1523 4496 1678 4601 lethi:

402 4671 712 4810 Usqueadeo
738 4708 816 4769 res
843 4667 1087 4769 humanas
1115 4668 1185 4768 vis
1210 4667 1382 4767 abdita
1409 4673 1645 4807 quaedam

404 4843 626 4963 Obterit,
654 4867 705 4955 et
729 4841 969 4982 pulchros
993 4841 1185 4961 fasceis
1213 4880 1469 4982 saevasque
1496 4850 1713 4952 secureis

402 5019 719 5141 Proculoare,
747 5059 803 5121 ao
826 5016 1047 5120 ludibrio
1074 5016 1168 5117 sibi
1195 5015 1380 5118 habere
1405 5020 1622 5124 videtur.
