4432 5984
801 395 1079 491 LIBER
1144 394 1493 490 SEXTUS·
1787 399 1893 515 279

389 657 661 800 Exprimat
707 661 761 762 in
810 659 1004 762 fontem
1054 699 1173 805 quae
1223 660 1415 763 semina
1464 698 1685 801 cumque
1727 660 1887 771 habet

525 838 675 976 ignis,

391 1008 524 1131 Quae
551 1012 771 1113 calidum
796 1011 990 1115 faciunt
1013 1012 1175 1113 laticis
1200 1034 1392 1113 tactum
1419 1032 1574 1149 atque
1601 1050 1850 1153 saporem.

390 1182 519 1285 Inde
546 1182 634 1283 ubi
660 1183 734 1283 sol
759 1183 912 1285 radiis
938 1208 1123 1287 terram
1151 1187 1362 1288 dimovit
1385 1185 1593 1310 obortis,

319 1452 322 1459 .
390 1359 461 1461 Et
484 1359 717 1504 rarefecit
743 1359 906 1460 calido
931 1362 1172 1463 miscente
1198 1398 1398 1499 vapore,

247 1588 250 1595 ·
389 1534 585 1637 Rursus
611 1537 664 1635 in
690 1535 926 1673 antiquas
951 1535 1169 1636 redeunt
1192 1535 1470 1673 primordia
1494 1541 1657 1642 sedeis

389 1708 549 1850 ignis,
577 1733 630 1815 et
655 1712 706 1810 in
733 1732 922 1811 terram
947 1710 1083 1811 cedit
1108 1711 1245 1812 calor
1268 1712 1430 1813 omnis
1456 1722 1642 1851 aquai:

390 1885 629 2024 Frigidus
653 1883 784 1985 hanc
809 1882 875 1984 ob
900 1923 1008 1987 rem
1039 1885 1098 1986 lit
1122 1885 1234 1987 fons
1259 1887 1311 1987 in
1336 1887 1450 1988 luce
1478 1889 1676 1994 diurna.

461 2059 878 2192 Praeterea,solis
900 2060 1053 2161 radiis
1071 2059 1294 2197 jactatur
1319 2071 1473 2200 aquai

392 2216 609 2357 Humor,
637 2237 766 2337 etin
791 2236 958 2337 lucem
984 2234 1202 2336 tremulo
1228 2241 1435 2337 rarescit
1460 2236 1524 2337 ab
1551 2261 1708 2344 aestu:

391 2408 671 2550 Propterea
694 2410 753 2512 fit
779 2411 852 2510 uti
880 2447 998 2551 quae
1024 2408 1215 2509 semina
1239 2449 1445 2550 cunque
1475 2412 1627 2515 habet
1651 2417 1801 2556 ignis,

392 2583 635 2689 Dimittat
650 2628 664 2713 3
703 2589 845 2727 quasi
875 2622 1010 2721 saepe
1036 2584 1226 2723 gelum,
1255 2587 1394 2725 quod
1421 2589 1647 2690 continet
1671 2593 1724 2693 in
1750 2630 1820 2714 se,

392 2761 575 2885 Mittit,
603 2787 655 2864 et
680 2763 895 2865 exsolvit
919 2762 1152 2899 glaciem,
1179 2761 1443 2901 nodosque
1467 2764 1677 2869 relaxat.
1748 2794 1753 2809 “

459 2936 698 3076 Frigidus
723 2960 798 3037 est
822 2938 974 3038 etiam
1000 2936 1128 3059 fons,
1157 2975 1311 3076 supra
1337 2977 1490 3078 quem
1519 2941 1613 3043 sita
1638 2980 1773 3083 saepe

391 3115 555 3255 Stupa
572 3117 698 3254 jacit
722 3117 951 3215 flammas
975 3134 1222 3252 concepto
1247 3116 1480 3252 protinus
1507 3116 1645 3254 igni3

387 3288 633 3429 'l‘edaque
662 3288 907 3391 consimili
933 3290 1127 3389 ratione
1153 3326 1362 3389 accensa
1385 3327 1479 3428 per
1503 3293 1668 3395 undas

393 3465 658 3584 Conlucet,
687 3502 999 3603 quocunque
1024 3487 1204 3563 natans
1229 3464 1510 3600 impellitur
1534 3468 1700 3569 auris:

392 3637 651 3741 Nimirum
682 3639 805 3778 quia
829 3639 1024 3740 suntin
1052 3638 1467 3776 aquapermulta
1490 3642 1692 3778 vaporis

391 3811 612 3932 Semina,
642 3813 705 3912 de
731 3835 969 3953 terraque
997 3849 1197 3914 necesse
1223 3834 1299 3912 est
1324 3811 1556 3917 funditus
1580 3817 1692 3954 ipsa

393 3987 535 4126 lgnis
561 4026 773 4126 corpora
797 4027 890 4125 per
915 4010 1081 4088 totum
1107 4023 1416 4124 consurgere
1443 3987 1654 4112 fontem,

392 4163 462 4267 Et
485 4165 635 4267 simul
661 4165 918 4302 exspirare
944 4163 1096 4284 forae,
1125 4161 1368 4301 exireque
1394 4161 1445 4261 in
1474 4200 1642 4284 auras,

392 4338 517 4443 Non
541 4365 644 4440 tam
671 4340 784 4441 viva
807 4362 995 4457 tamen,
1023 4336 1215 4439 calidus
1241 4360 1396 4474 queat
1420 4359 1481 4438 ut
1504 4336 1614 4439 fieri
1639 4336 1767 4445 fons.

460 4512 731 4635 Praeterea,
760 4515 986 4652 dispersa
1010 4511 1143 4612 foras
1168 4546 1433 4647 erumpere
1459 4511 1597 4649 cogit

389 4686 482 4790 Vis
506 4725 599 4826 per
623 4724 809 4827 aquam
835 4685 1020 4807 subito,
1048 4725 1351 4827 sursumque
1376 4724 1436 4788 ea
1460 4687 1744 4792 conciliari:

392 4862 546 4986 Quod
574 4901 736 5003 genus
761 4860 894 4965 endo
920 4864 1046 4965 mari
1070 4862 1261 4965 Aradio
1287 4861 1414 4981 sons,
1442 4860 1604 4963 dulcis
1628 4871 1780 5002 aquai

393 5038 500 5163 Qui
526 5040 688 5162 scatit,
716 5062 768 5143 et
791 5039 944 5142 salsas
968 5039 1156 5144 circum
1182 5075 1235 5140 se
1260 5036 1484 5141 dimovet
1506 5035 1685 5141 undas.
