4432 5984
286 254 295 371 Ι

638 420 916 510 uranu
979 419 1471 516 sueuunus.
1636 542 1640 548 ⁵
1792 354 1861 528 57

286 573 308 651 Ι
493 621 498 626 .

286 759 301 833 ,
366 672 1858 821 Namquehocinpromptu,manifestumqueesse'videmm,

286 908 292 1012 Ι
364 852 616 977 Pondera,
645 878 898 995 quantum
913 856 965 956 in
982 894 1033 954 se
1048 878 1143 976 est,
1163 895 1265 961 non
1285 895 1431 995 posse
1446 857 1655 999 obliqua
1672 895 1858 978 meare,

365 1026 448 1132 Ex
473 1040 659 1168 s'upero
685 1068 843 1170 quom
868 1031 1208 1167 praecipitant,
1235 1032 1375 1171 quod
1402 1032 1608 1135 cernere
1633 1034 1793 1172 possis
1809 1075 1826 1181 3

366 1203 464 1308 Sed
494 1204 851 1347 nihilomnino
877 1228 1014 1307 recta
1038 1209 1246 1345 regione
1271 1210 1370 1309 viai

364 1381 654 1502 Decimam,
683 1383 798 1520 quis
823 1404 900 1480 est
926 1383 1018 1520 qui
1042 1384 1204 1520 possit
1221 1422 1443 1504 cernere,
1471 1388 1610 1485 sese?

434 1557 677 1697 Denique
704 1560 745 1679 si
771 1596 970 1695 semper
994 1581 1160 1660 motus
1184 1561 1505 1663 eonnectitur
1528 1530 1707 1678 omnis,
1852 1633 1859 1652 .

364 1732 434 1836 Et
457 1756 625 1835 vetere
652 1735 880 1833 exoritur
905 1735 1106 1871 semper
1129 1772 1289 1871 nouus
1314 1735 1493 1835 ordine
1519 1757 1674 1856 certo,

363 1908 479 2012 Neo
504 1906 1024 2037 declinandofaoiunt
1047 1908 1325 2046 primordia
1349 1933 1518 2012 motus
1576 1916 1578 1922 ’
1701 1913 1706 1922 ’

362 2081 680 2223 Principium
702 2084 979 2223 quoddam,
1008 2085 1148 2225 quod
1169 2084 1265 2213 wfati
1289 2084 1481 2185 foedera
1505 2110 1728 2224 rumpat,

363 2244 444 2363 Ex
470 2261 670 2362 infinito
695 2299 759 2360 ne
784 2297 985 2391 oausam
1010 2297 1161 2361 causa
1181 2283 1458 2400 sequatur3
1486 2391 1488 2394 y

363 2434 551 2538 Libera
573 2473 667 2574 per
690 2457 851 2535 terras
875 2436 1011 2535 unde
1036 2433 1145 2537 haeo
1170 2435 1515 2578 animantibus
1541 2459 1724 2559 exstat,
1850 2508 1853 2514 -

360 2610 515 2739 Unde
542 2635 618 2712 est
642 2611 752 2713 haee
776 2612 1041 2751 (inquam)
1064 2609 1181 2713 fatis
1205 2581 1374 2714 avolsa
1396 2612 1645 2734 voluntas,

360 2785 462 2891 Per
476 2827 629 2929 quam
655 2787 1013 2928 progredimur
1033 2826 1135 2927 quo
1152 2789 1293 2889 ducit
1312 2826 1572 2928 quemque
1589 2790 1858 2928 voluptas3

297 2945 303 2956 ⁰
362 2965 731 3068 Declinamus
718 2988 842 3066 rtem
867 2987 1051 3086 motuS,
1078 3003 1171 3067 nee
1195 2988 1426 3102 tempore
1448 2987 1606 3109 certo,
1856 2963 1860 2968 ⁴

362 3139 476 3243 Nec
501 3144 709 3282 regione
733 3144 831 3267 loci
856 3165 1009 3263 eerta,
1038 3140 1124 3243 sed
1145 3137 1273 3240 ubi
1260 3176 1372 3277 ipsa
1394 3139 1516 3240 tulit
1539 3102 1715 3243 mens?

360 3315 499 3420 Nam
526 3318 683 3418 dubio
707 3316 885 3455 procul
911 3314 989 3415 his
1013 3280 1165 3417 rebus
1191 3353 1281 3468 sua
1307 3317 1534 3456 quoique
1558 3315 1795 3418 voluntas
1857 3406 1861 3410 Q

359 3489 676 3630 Principium
701 3489 818 3620 dat;
846 3516 898 3593 et
921 3491 1040 3604 hinc
1056 3514 1222 3592 motus
1240 3529 1333 3631 per
1351 3491 1579 3594 membra
1603 3494 1854 3634 rigantun

360 3670 556 3774 Nonne
575 3672 715 3772 vides
738 3673 890 3773 etiam
915 3669 1180 3808 patefactis
1204 3690 1431 3807 tempore
1456 3692 1649 3807 puncto
1819 3799 1822 3802 ψ
1852 3665 1858 3671 ’

360 3849 679 3970 CarceribuS,
706 3888 810 3950 non
832 3885 979 3986 posse
1004 3867 1172 3945 tamen
1197 3880 1530 3982 prorumpere
1558 3884 1809 3985 equorum
1946 3850 1953 3865 ’

364 4024 479 4128 Vim
504 4026 744 4164 cupidam
769 4048 871 4126 tam
899 4020 1149 4146 desubito,
1178 4056 1333 4158 quam
1359 4055 1499 4119 mens
1525 4044 1639 4122 avet
1661 4023 1803 4161 ipsa?

360 4201 543 4306 Omnis
568 4204 703 4304 euim
727 4223 892 4302 totum
915 4235 1011 4336 per
1034 4231 1220 4332 corpus
1244 4192 1471 4293 materiai

360 4377 523 4518 Copia
541 4378 774 4519 conquiri
800 4376 970 4496 debet,
993 4372 1189 4474 concita
1211 4406 1306 4507 per
1329 4390 1468 4469 artus

359 4554 591 4675 Omnem,
618 4576 678 4656 ut
703 4553 932 4654 studium
959 4549 1141 4650 mentis
1166 4582 1395 4646 connexa
1419 4544 1696 4684 sequatur:

356 4729 434 4867 Ut
457 4731 627 4832 videas
651 4730 853 4831 initium
879 4749 1046 4828 motus
1071 4764 1101 4825 a
1126 4717 1279 4825 eorde
1303 4722 1484 4842 creari,

357 4906 440 5008 Ex
465 4910 724 5047 animique
748 4867 1008 5008 voluntate
1033 4901 1088 5002 id
1106 4890 1397 5038 'procedere
1411 4898 1669 5036 primum:

358 5080 486 5186 Inde
514 5083 624 5186 dari
647 5119 799 5224 porro
822 5071 918 5224 per
941 5101 1108 5183 totum
1131 5111 1341 5216 corpus,
1362 5095 1416 5176 et
1438 5094 1598 5182 artus.

1144 5263 1158 5305 ι
1668 5248 1672 5258 ,
