4432 5984
779 355 1054 447 LIBER
1118 351 1489 449 suxrus„
1538 368 1548 381 '
1766 340 1869 460 967

382 616 653 720 Conlectus
676 617 811 755 parti
836 655 901 716 ex
926 654 1026 718 una
1050 613 1313 754 procumbi
1323 637 1356 735 t,
1383 637 1435 714 et
1459 634 1610 752 urget

229 919 233 930 ι
382 794 619 897 Obnixus
646 794 841 932 magnis
867 793 1131 930 speluncas
1149 790 1340 892 viribus
1366 791 1507 910 altas,

381 968 642 1072 Incumbit
665 969 831 1089 tellum
860 1006 964 1107 quo
987 969 1125 1069 venti
1152 1005 1310 1104 prona
1334 967 1524 1104 premit
1546 967 1649 1068 vis:

379 1143 531 1265 Tum,
558 1181 741 1282 supera
765 1167 948 1243 terram
976 1181 1094 1282 quae
1120 1166 1240 1244 sunt
1264 1166 1524 1243 exstructa
1549 1128 1833 1265 dumorum,
1960 1126 1963 1133 ¹

379 1321 465 1422 Ad
492 1320 778 1459 coelumque
803 1319 963 1455 magis
990 1341 1181 1456 quanto
1207 1341 1327 1417 sunt
1351 1319 1489 1419 edita
1515 1357 1756 1460 quaeque,

382 1492 632 1596 inclinata
657 1494 851 1593 minent
874 1494 927 1592 in
955 1490 1166 1592 eandem
1194 1491 1394 1629 prodita
1421 1515 1612 1628 partem
1633 1534 1647 1617 ;

384 1665 764 1806 Protractaeqne
789 1664 957 1766 trabes
982 1665 1282 1805 impendent
1306 1667 1378 1767 ire
1404 1682 1628 1805 paratae:

386 1841 454 1944 Et
479 1866 715 1944 metuunt
740 1844 913 1980 magni
938 1863 1169 1942 naturam
1195 1847 1399 1948 eredere
1424 1840 1606 1948 mundi

385 2014 604 2119 Exitiale
630 2019 839 2157 aliquod
864 2041 1081 2156 tempuS,
1108 2020 1409 2161 clademque
1435 2061 1655 2143 manere,
1800 2004 1809 2011 ⁴

388 2191 559 2315 Quom
584 2194 790 2294 videant
814 2217 1006 2294 tantam
1035 2216 1282 2297 terrarum
1307 2198 1601 2301 incumbere
1628 2200 1834 2304 molem!

248 2362 253 2373 ’
387 2365 541 2489 Quod
568 2369 663 2469 nisi
689 2371 939 2507 respirent
963 2370 1117 2489 venti,
1145 2409 1248 2472 non
1273 2374 1378 2473 ulla
1404 2375 1643 2478 refraenet

385 2543 505 2666 Res,
533 2583 701 2684 neque
727 2543 791 2644 ab
818 2548 973 2647 exitio
997 2548 1156 2686 possit
1179 2547 1484 2684 reprendere
1505 2575 1735 2655 euntem:

388 2717 546 2820 Nunc
573 2720 695 2858 quia
720 2721 976 2858 respirant
993 2725 1214 2844 alterum,
1236 2724 1391 2862 inque
1417 2749 1734 2863 gravescunt,

389 2893 457 2998 Et
482 2898 625 3037 quasi
652 2898 863 2998 conlecti
889 2900 1121 3018 redeunt,
1150 2897 1441 3035 ceduntque
1468 2901 1686 3036 repulsi3

389 3068 587 3207 Saepius
614 3069 742 3171 hanc
768 3071 834 3172 ob
862 3111 966 3173 rem
992 3074 1256 3173 minitatur
1279 3097 1416 3173 terra
1440 3075 1633 3195 ruinae,

389 3241 559 3364 Quam
586 3244 731 3348 facit:
771 3248 1047 3359 inclinatur
1068 3251 1223 3368 enim,
1246 3270 1485 3386 retroque
1510 3249 1720 3371 recellit,
1766 3289 1768 3294 ’

387 3419 457 3520 Et
483 3422 663 3557 recipit
682 3421 917 3558 prolapsa
942 3462 1055 3524 suas
1081 3462 1133 3523 se
1159 3425 1209 3523 in
1238 3424 1461 3560 pondere
1488 3427 1664 3530 sedeiS.

390 3592 502 3695 Hac
528 3596 686 3733 igitur
710 3598 902 3696 ratione
927 3597 1164 3697 vacillant
1188 3598 1356 3695 omnia
1381 3619 1528 3721 tecta,

390 3768 599 3870 Summa
624 3771 784 3909 magis
809 3770 1003 3893 mediis,
1031 3771 1198 3871 media
1222 3772 1350 3893 imis,
1378 3773 1479 3874 ima
1505 3776 1775 3914 perhilum.

461 3945 552 4047 Est
579 3945 687 4047 haec
712 3947 940 4085 ejusdem
967 3984 1176 4087 qnoque
1203 3948 1372 4083 magni
1399 3987 1548 4052 causa
1571 3958 1819 4079 tremoris,

389 4122 588 4228 Ventus
607 4122 714 4244 ubi,
731 4146 885 4262 atque
905 4124 1086 4222 animae
1107 4119 1274 4221 subito
1292 4121 1366 4221 vis
1384 4125 1604 4227 maxima
1624 4129 1876 4267 quaedam,

389 4301 499 4402 Aut
523 4299 850 4420 extrinsecum
878 4323 967 4400 aut
990 4300 1100 4437 ipsa
1122 4338 1151 4399 a
1175 4298 1357 4397 tellure
1383 4321 1555 4401 coorta

390 4474 453 4575 In
477 4477 588 4577 loca
613 4513 664 4576 se
688 4514 809 4577 cava
833 4482 986 4575 terrai
1011 4473 1240 4611 conjecit,
1266 4471 1442 4612 ibique

391 4648 670 4790 Speluncas
695 4652 828 4750 inter
851 4686 1060 4787 magnas
1084 4646 1254 4746 fremit
1278 4654 1394 4746 ante
1420 4645 1662 4768 tumultu,

388 4823 1117 4965 Versabundaqne‘portatur3
1156 4844 1270 4961 post
1295 4823 1448 4923 incita
1474 4860 1635 4962 quom
1660 4801 1760 4926 vis·

390 4995 663 5140 Exagitata
686 5001 820 5104 foras
844 5003 1145 5142 erumpitur,
1173 5021 1225 5099 et
1249 5000 1398 5100 simul
1424 5023 1582 5103 artam
1668 5111 1673 5120 ,

1095 5181 1187 5233 err
1266 5172 1271 5189 '
