4432 5984
628 390 910 487 LIBER
973 391 1455 493 SECUNDUS·
1784 392 1852 503 77

358 651 591 756 Vertitur
616 654 668 755 in
694 690 845 755 canos
867 655 1107 759 candenti
1133 696 1380 760 marmore
1403 661 1606 762 fluctus.

358 826 544 934 Dicere
563 830 705 937 ¹enim
728 830 890 966 possis
915 831 1136 968 nigrum,
1164 834 1309 973 quod
1331 871 1466 972 saepe
1490 833 1736 951 videmus,

359 1005 603 1111 Materies
623 1005 711 1109 ubi
736 1010 977 1144 permista
995 1031 1072 1110 est
1094 1007 1248 1128 illius,
1275 1029 1328 1108 et
1352 1010 1478 1109 ordo

358 1181 629 1321 Principiis
655 1203 894 1303 mutatus,
921 1206 972 1282 et
996 1182 1186 1301 additu,
1210 1182 1525 1323 demptaque
1550 1188 1808 1325 quaedam,
1831 1230 1837 1279 s

360 1356 618 1459 Continuo
643 1357 709 1460 id.
724 1357 832 1459 lieri
857 1381 916 1468 ut
939 1358 1160 1459 candens
1183 1356 1431 1478 videatur,
1458 1381 1512 1458 et
1534 1358 1707 1461 album
1727 1405 1756 1464 :.

360 1529 513 1651 Quod
542 1532 582 1633 si
608 1530 836 1634 oaeruleis
861 1553 1149 1631 constarent
1172 1569 1380 1669 aequora
1403 1534 1549 1669 ponti
1721 1620 1723 1626 .

361 1701 668 1824 Seminibus,
695 1704 838 1807 nullo
862 1729 1070 1845 possent
1094 1704 1345 1807 albescere
1368 1729 1548 1843 pacto;
1647 1796 1648 1800 t
1706 1750 1708 1753 ·
1754 1749 1762 1800 ι
1806 1765 1838 1800 ,2

358 1876 498 1980 Nam
524 1916 834 2019 quocunque
861 1878 1018 1980 modo.
1030 1879 1314 2017 perturbes,
1341 1882 1528 1980 oaerula
1553 1920 1671 2022 quae
1696 1887 1799 1987 sint
1836 1958 1839 1963 -

360 2052 647 2193 Nunquam
672 2056 724 2156 in
740 2092 1090 2156 marmoreum
1113 2077 1327 2191 possunt
1350 2056 1568 2192 migrare
1594 2060 1837 2164 colorem,

358 2228 448 2330 Sin
472 2232 587 2351 alio,
613 2252 769 2369 atque
794 2230 893 2330 alio
919 2248 1038 2329 sunt
1062 2226 1254 2329 semina
1277 2227 1438 2330 tincta
1461 2232 1647 2353 colore,
1664 2290 1686 2323 .›
1718 2281 1741 2329 υ
1835 2242 1847 2291 ’-

359 2403 492 2527 Quae
517 2408 668 2511 maris
692 2405 919 2508 efficiunt
943 2440 1103 2504 unum
1128 2440 1427 2543 purumque.
1439 2406 1686 2533 nitorem3

357 2577 433 2681 Ut
458 2616 593 2717 saepe
618 2618 681 2679 ex
700 2579 817 2679 aliis
841 2577 1031 2697 formis,
1057 2578 1311 2717 variisque
1335 2578 1514 2718 figuris

357 2750 593 2855 Efficitur
618 2751 869 2892 quiddam
891 2752 1215 2892 quadratum,
1243 2790 1466 2892 unaeque
1491 2753 1728 2893 figuraeq-

359 2927 722 3049 Conveniebat,
748 2930 826 3031 uti
846 2930 904 3031 in
931 2926 1180 3080 quadrato
1205 2928 1458 3031 cernimus
1483 2967 1613 3031 esse:
1663 3010 1670 3022 ,
1729 3014 1731 3019 .

357 3100 874 3223 Dissimileisformas,
903 3104 973 3204 ita
997 3103 1280 3207 cernerein
1307 3141 1513 3242 aequore
1532 3106 1681 3242 ponti
1802 3164 1806 3171 ·

355 3280 466 3380 Aut
488 3281 587 3383 alio
612 3282 662 3385 in
692 3279 876 3418 quovis.
899 3316 1005 3379 nno.
1023 3314 1258 3416 puroque
1283 3279 1463 3397 nitore,

358 3450 661 3558 Dissimileis
684 3454 837 3589 longe
861 3453 994 3555 inter
1018 3453 1380 3591 se‚·variosque
1404 3455 1610 3560 colores.
1720 3520 1728 3547 ,-
1755 3490 1766 3550 ,·

384 3755 396 3769 ⁸
427 3626 698 3750 Praeterea,
726 3626 853 3728 nihil
878 3628 1122 3747 officiunt,
1149 3625 1456 3767 obstantque
1474 3628 1688 3768 figuras*
1719 3711 1724 3720 .
1760 3690 1777 3737 ,ι
1829 3649 1833 3654 ’

358 3800 658 3922 Dissimiles,
684 3840 790 3940 quo
814 3800 1125 3938 quadratum¹
1143 3799 1312 3920 minus
1337 3841 1486 3904 omne
1510 3806 1576 3904 sit
1592 3826 1772 3916 exus:

355 3973 426 4078 At
444 3977 569 4076 varii
592 4012 761 4077 rerum
787 3973 1075 4112 impediunt
1099 3973 1476 4115 prohibentque
1497 3978 1707 4096 colores,

358 4148 478 4271 Quo
503 4152 671 4252 minus
688 4189 795 4255 esse
821 4187 925 4252 uno
950 4149 1112 4287 possit
1132 4186 1221 4251 res
1237 4171 1345 4252 tota
1368 4150 1548 4253 nitore.
1789 4228 1793 4237 .
1843 4178 1850 4190 ··

423 4323 558 4428 Tum
582 4363 751 4464 porro,
777 4362 897 4465 quae
918 4323 1067 4425 ‚ducit
1089 4346 1142 4425 et
1164 4322 1343 4446 inlicit,
1369 4344 1429 4424 ut
1450 4321 1735 4425 tribuamus

355 4497 625 4640 Principiis
653 4537 819 4600 rerum
844 4535 1230 4638 nonnunquam,
1257 4536 1423 4619 causa,
1450 4498 1688 4618 colores,⁸
1765 4550 1815 4588 ·.·
1849 4528 1856 4582 '-

357 4671 579 4794 Occidit,
603 4711 670 4773 ex
693 4672 822 4783 albis
850 4673 1090 4812 quoniam
1114 4710 1218 4774 non
1242 4671 1360 4773 alba
1382 4695 1620 4775 creantur
1633 4710 1647 4794 3
1693 4752 1698 4759 .

357 4848 411 4951 N
414 4886 473 4950 ec
499 4886 617 4987 quae
641 4849 789 4988 nigra
813 4847 1003 4969 cluent,
1028 4847 1094 4949 de
1118 4848 1304 4986 nigris3
1330 4848 1418 4950 sed
1444 4846 1593 4948 variis
1612 4843 1700 4945 de.

356 5017 566 5161 Quippe
590 5023 779 5126 etenim
802 5027 964 5129 multo
986 5026 1261 5166 proclivius
1284 5021 1578 5128 exorientur
