4432 5984
636 363 945 461 ‘LIBER
1005 361 1361 460 PRIMUS·
1430 398 1431 403 ‘
1705 354 1771 459 43

295 624 410 731 Neo
430 665 559 768 quos
586 639 808 768 quaeque
829 627 1009 728 darent
1033 647 1198 728 motus
1221 624 1464 762 pepigere
1482 622 1735 760 profecto:
1854 611 1856 614 Α

296 797 398 906 Sed
424 801 547 941 qnia
570 801 898 922 multimodis,
924 799 1111 918 multis,
1132 819 1340 916 mutata,
1364 833 1459 935 per
1484 793 1654 896 Omne

273 970 376 1074 'Ex
402 974 601 1075 infinito
620 990 869 1077 vexantur
891 976 1083 1114 percita
1105 972 1286 1109 plagis,
1453 1038 1456 1044 -
1578 1020 1581 1025 ¹

296 1145 472 1254 Omne·
484 1165 646 1286 genus
671 1169 915 1249 motuset
933 1154 1090 1250 ooetns
1108 1147 1441 1285 experiundo,
1536 1152 1540 1158 ’

291 1321 522 1427 Tandem
543 1323 820 1425 deveniunt
843 1323 896 1421 in
915 1324 1059 1424 taleis
1078 1323 1423 1460 disposituras,

295 1493 547 1622 Qualibus
574 1494 683 1597 haec
708 1493 860 1595 rebus
885 1497 1110 1596 consistit
1134 1504 1329 1596 summa
1352 1519 1544 1598 creata:
1644 1582 1647 1587 ,

292 1668 364 1774 Et
387 1670 571 1775 multos
596 1671 747 1771 etiam
772 1708 980 1808 magnos
1005 1693 1199 1771 servata
1222 1707 1315 1808 per
1339 1708 1512 1789 annos,
1540 1728 1543 1734 ,
1688 1755 1694 1767 .

291 1840 369 1951 Ut
393 1843 544 1947 semei
570 1843 623 1942 in
648 1843 1063 1981 motuso'onjecta
1086 1865 1163 1944 est
1186 1845 1579 1964 conveni-emen,
1624 1931 1629 1939 .

293 2012 479 2137 Efficit,
504 2034 565 2118 ut
588 2017 742 2154 largis
766 2017 971 2119 avidum
995 2057 1131 2119 mare
1156 2020 1379 2120 fluminis
1399 2020 1550 2121 undis
1683 2106 1686 2108 .
1737 2021 1740 2029 ’

291 2186 559 2333 Integrent
583 2210 769 2311 amnes,
798 2214 850 2290 et
873 2193 988 2293 solis
1012 2214 1146 2292 terra
1170 2229 1354 2328 vapore
1411 2203 1413 2211 '

161 2360 165 2367 ’
292 2362 419 2466 Fota
443 2383 594 2464 novet
617 2346 784 2510 ioetus,
811 2367 1173 2506 summissaque
1199 2406 1324 2506 gens
1348 2367 1664 2470 animantum
1692 2397 1696 2410 ·’

280 2535 518 2657 'Floreat'
534 2557 586 2637 et
608 2537 781 2638 vivant
802 2537 1029 2642 labentes
1054 2541 1255 2643 aetheris
1279 2543 1438 2681 ignes.
1594 2590 1596 2594 ³
1715 2567 1720 2574 ’

292 2710 447 2832 Quod
473 2711 614 2812 nullo
638 2709 860 2819 facerent
884 2737 1048 2852 pecto,
1075 2717 1170 2817 nisi
1195 2718 1452 2818 materiei
1587 2721 1591 2728 ’
1741 2720 1746 2730 ’

291 2883 372 2986 Ex
391 2885 590 2989 infinito
615 2885 831 2988 suboriri
856 2889 1000 3025 eopia
1025 2911 1211 3026 posset,

289 3059 443 3165 Unde
470 3063 649 3164 amissa
669 3038 834 3169 solent
858 3063 1081 3199 reparari
1105 3065 1158 3163 in
1182 3086 1410 3202 tempore
1435 3072 1682 3207 'quoquer
1814 3166 1816 3169 .

360 3231 413 3336 N
417 3273 497 3336 am
522 3234 678 3335 veluti
704 3234 900 3370 privata
923 3233 1036 3336 cibo
1054 3247 1241 3337 'natura
1264 3239 1634 3342 animantum
1776 3295 1779 3300 ·

291 3411 496 3514 Diffluit
519 3411 752 3511 amittens
771 3420 970 3546 eorpus,
998 3408 1067 3509 sic
1092 3411 1260 3510 omnia
1284 3409 1474 3514 debent
1525 3474 1532 3496 -w
1705 3424 1714 3511 ζ

292 3586 528 3707 Dissolvi,
555 3586 703 3686 simul
729 3623 785 3683 ao
811 3582 997 3685 defecit
1021 3584 1342 3721 suppeditare

292 3760 532 3865 Materies
551 3783 688 3861 reeta
712 3758 917 3895 regione
936 3793 1108 3856 aversa
1130 3759 1243 3860 viai.
1415 3807 1418 3812 ·

360 3933 474 4035 Neo
499 3934 666 4071 plagae
690 3952 897 4069 possent
921 3930 1229 4033 extrinsecus
1247 3935 1477 4075 undique
1502 3941 1748 4044 summam

291 4110 597 4215 Conservare
622 4123 840 4228 omnem,
867 4087 1190 4245 quaeeunque
1214 4130 1291 4209 est
1314 4113 1591 4216 conciliata

292 4284 494 4386 Cedere
519 4282 654 4383 enim
680 4279 857 4383 erebro
880 4302 1108 4417 possunt,
1133 4304 1435 4433 partemque
1459 4289 1660 4408 morari,
1718 4374 1722 4382 ,

290 4457 433 4560 Dum
451 4457 656 4559 veniant
677 4455 806 4574 aliae,
833 4491 889 4554 ac
910 4452 1142 4590 suppleri
1167 4491 1362 4560 summa
1388 4484 1633 4597 queatur:

289 4630 551 4735 Interdum
577 4629 766 4729 resilire
790 4651 956 4732 tamen
984 4653 1251 4769 eoguntur,
1277 4654 1456 4734 etune
1651 4645 1655 4651 ’

288 4806 557 4942 Principiis
581 4842 749 4906 rerum
775 4804 994 4943 spatium
1018 4827 1321 4945 tempusque
1346 4806 1488 4947 fugai
1621 4857 1625 4864 ¹

290 4978 506 5120 largiri,
530 5001 590 5083 ut
611 4981 806 5119 possint
828 5022 859 5085 a
881 5003 1015 5083 coetu
1038 4980 1198 5082 libera
1220 4979 1413 5085 ferri.'
1502 4992 1505 4997 ’
1633 4988 1639 4999 ’

751 5156 754 5160 ’
1001 5158 1051 5207 08
