4432 5984
741 359 1018 451 LIBER
1079 357 1480 452 TERTIUS·
1750 356 1848 455 133

358 617 473 720 Hoc
498 640 574 719 est
598 616 807 720 adverso
832 619 1089 719 nixantem
1113 616 1320 717 trudere
1347 639 1519 717 monte

358 791 567 932 Saxum,
593 794 729 931 quod
756 815 927 894 tamen
953 832 984 893 a
1007 831 1201 893 summo
1217 791 1326 931 jam
1351 793 1536 893 vertice
1562 830 1762 898 rursum

355 964 608 1088 Volvitur,
635 990 687 1067 et
708 967 850 1107 plani
873 965 1058 1102 raptim
1084 965 1214 1102 petit
1239 996 1445 1106 aequora
1469 968 1652 1104 campi.

427 1139 631 1242 Deinde
656 1142 809 1241 animi
834 1142 1085 1276 ingratam
1109 1161 1342 1240 naturam
1366 1178 1573 1277 pascere
1601 1180 1815 1283 semper,

356 1314 530 1454 Atque
556 1317 761 1453 explere
786 1313 931 1415 bonis
956 1307 1125 1433 rebus,
1152 1313 1436 1450 satiareque
1461 1352 1742 1454 nunquam,

360 1487 512 1609 Quod
540 1487 736 1590 faciunt
758 1486 905 1588 nobis
930 1523 1177 1587 annorum
1201 1508 1444 1623 tempora,
1472 1488 1661 1589 circum

360 1657 532 1782 Quom
556 1662 790 1783 redeunt,
816 1660 1072 1800 foetusque
1097 1660 1283 1780 ferunt,
1308 1661 1573 1800 variosque
1599 1664 1814 1803 lepores,

359 1834 413 1939 N
418 1875 474 1937 ec
499 1860 668 1938 tamen
682 1837 961 1975 explemur
982 1836 1104 1937 vitai
1128 1829 1377 1933 fructibus
1402 1872 1658 1974 unquam3

360 2008 477 2112 Hoc
500 2011 588 2149 (ut
610 2011 817 2148 opinor)
841 2008 896 2110 id
921 2029 1013 2129 est,
1039 2045 1147 2110 aevo
1171 2008 1385 2107 florente
1409 2011 1605 2147 puellas

361 2183 517 2308 Quod
543 2208 839 2308 memorant,
864 2185 1066 2285 laticem
1090 2203 1353 2320 pertusum
1378 2221 1650 2322 congerere
1664 2188 1719 2289 in
1731 2227 1849 2314 vas3
1879 2248 1882 2255 ·

362 2357 518 2482 Quod
543 2383 713 2462 tamen
738 2361 1101 2499 expleri-nulla
1124 2359 1318 2460 ratione
1341 2380 1587 2495 potestur.

431 2530 685 2636 Cerberus
708 2556 761 2634 et
785 2532 956 2637 Furiae
973 2535 1079 2674 jam
1102 2571 1238 2654 vero,
1265 2555 1318 2631 et
1339 2531 1466 2631 lucis
1481 2570 1675 2669 egenus

359 2703 621 2829 Tartarus,
644 2705 916 2809 horriferos
940 2729 1171 2808 eructans
1196 2704 1429 2807 faucibus
1454 2730 1622 2828 aestus,

363 2877 493 2984 Haec
516 2918 688 3021 neque
723 2902 844 2983 sunt
877 2918 1113 3023 usquam,
1139 2916 1309 3020 neque
1346 2903 1561 3018 possunt
1596 2921 1701 2984 esse
1734 2920 1853 3023 pro·

499 3053 648 3156 fecto.

363 3224 465 3326 Sed
491 3248 655 3327 metus
678 3226 733 3326 in
758 3227 861 3327 vita
882 3264 1147 3367 poenarum
1172 3264 1269 3364 pro
1292 3225 1572 3327 malefactis

363 3396 457 3500 Est
480 3397 769 3538 insignibus
788 3399 1017 3536 insignis,
1045 3399 1344 3536 scelerisque
1370 3400 1506 3503 luela

365 3568 646 3693 Carcer,.et
671 3569 924 3673 horribilis
949 3572 1013 3673 de
1039 3609 1162 3673 saxo
1178 3571 1348 3709 jactus
1370 3562 1627 3695 deorsum,

361 3742 609 3867 Verbera,
634 3744 909 3867 carnifices,
933 3744 1106 3864 robur,
1132 3746 1242 3883 pix,
1265 3745 1470 3866 lamina,
1494 3747 1677 3847 taedae:

365 3915 501 4040 Quae
525 3942 694 4021 tamen
720 3920 838 4020 etsi
863 3918 1067 4040 absunt,
1091 3941 1144 4019 at
1167 3955 1309 4018 mens
1335 3917 1430 4019 sibi
1456 3922 1652 4022 conscia
1674 3920 1795 4022 facti

364 4093 728 4216 Praemetuens,
752 4091 964 4194 adhibet
987 4091 1233 4212 stimulos,
1260 4113 1522 4233 torretque
1548 4095 1792 4232 flagellis3

365 4267 480 4372 Nee
503 4269 640 4372 videt
665 4270 877 4389 interea,
902 4268 992 4406 qui
1022 4266 1263 4367 terminus
1288 4304 1392 4367 esse
1417 4269 1666 4369 malorum

365 4440 547 4562 Possit,
572 4479 666 4543 nec
693 4477 815 4580 quae·
834 4441 1190 4578 sit-poenarum
1212 4437 1440 4579 denique
1463 4439 1609 4564 finis3
1684 4502 1688 4516 ·

362 4613 540 4755 Atque
573 4612 753 4715 eadem
793 4616 976 4717 metuit
1016 4617 1180 4756 magis
1212 4613 1322 4717 baec
1354 4654 1421 4717 ne
1455 4616 1507 4716 in
1545 4641 1707 4719 morte
1743 4656 1857 4756 gra·

501 4809 742 4889 vescant:

366 4956 508 5067 Hinc
528 4957 809 5065 Acherusia
831 4960 894 5065 fit
915 4961 1189 5066 stultorum
1211 4962 1432 5105 denique
1455 4964 1580 5066 rita.
