4432 5984
712 368 986 460 11111111
1033 371 1398 505 ,neruus

228 690 231 692 -
312 623 632 728 Mutametu
657 649 860 730 terram.
869 629 1086 768 genibus
1112 631 1359 749 submissa
1382 632 1619 773 petebat:
1700 718 1703 725 .

314 799 432 906 Nec
458 804 655 908 miserae
680 804 919 942 prodesse
943 806 995 909 in
1021 806 1112 907 tali
1127 806 1366 944 tempore
1390 807 1589 946 quibat,=

313 975 468 1098 Quod
493 981 659 1116 patrio
683 980 921 1117 princeps
945 976 1158 1079 donlrat
1180 981 1385 1080 nomine
1409 1019 1610 1120 regem:

314 1150 453 1253 Nam
474 1150 854 1265 sublatakvirltm
878 1149 1112 1264 manibus
1137 1151 1577 1295 tremebundaque
1604 1156 1671 1257 ed
1694 1195 1809 1257 aras
1835 1249 1838 1252 ,

312 1324 551 1443 Deducta
570 1350 661 1447 est,
688 1365 792 1426 non
817 1349 891 1443 ut,
919 1326 1113 1426 solenni
1139 1365 1278 1428 more
1305 1367 1559 1460 sacrorum

311 1498 560 1622 Perfecto,
585 1523 756 1639 posset
779 1501 913 1602 claro
939 1502 1166 1602 comitari
1191 1500 1474 1642 hymenaeo,

312 1673 416 1777 Sed
442 1677 791 1778 casts.inceste
816 1657 1380 1813 nubendi-temporem
1407 1679 1518 1815 ipso

311 1847 497 1951 Hostia
520 1849 809 1950 concideret
833 1854 1514 1990 mactatumoesteparentis,

311 2021 495 2127 Exitus
519 2035 579 2126 ut
602 2025 747 2126 classi
769 2023 895 2125 felix
917 2022 1216 2163 faustusque
1240 2027 1464 2130 daretur.
1671 2000 1673 2004 ι

308 2195 531 2302 Tantum
556 2198 754 2336 relligio
780 2199 948 2335 potuit
967 2198 1182 2327 suadere
1207 2203 1469 2306 malorum.

377 2371 617 2475 Tutemet
641 2410 671 2472 a
695 2369 841 2472 nobis
857 2372 967 2508 jem
983 2375 1172 2510 quovis
1196 2398 1424 2514 tempore
1450 2352 1624 2480 vetum

308 2545 621 2697 Teniloquis
645 2547 806 2665 victus
832 2547 981 2673 dictis
1008 2546 1282 2652 desciscere
1290 2557 1540 2690 ‹quaeresl

312 2720 520 2860 Quippe
545 2721 730 2828 etenim
760 2720 914 2858 quam
932 2721 1213 2827 multa-tibi
1230 2724 1338 2860 jam
1365 2723 1558 2864 fingere
1583 2765 1796 2866 possum,

311 2895 533 3017 Somnia,
559 2933 678 3035 quae
702 2896 821 2998 vitae
846 2866 1065 2998 rationes
1089 2889 1284 2999 vertere
1309 2899 1521 3035 possint,
1635 2988 1640 2997 .

309 3074 662 3214 Fortunaeque
686 3096 800 3174 tuas
822 3050 1016 3171 omneis
1045 3069 1252 3171 turbare
1278 3072 1492 3174 timore?
1628 3132 1632 3136 -

310 3247 379 3349 Et
403 3251 614 3349 merito:
653 3285 771 3349 nam
789 3244 838 3345 si
860 3265 1051 3344 certam
1075 3243 1231 3344 finem
1255 3282 1361 3347 esse
1386 3246 1639 3350 viderent·

306 3424 672 3543 AErumnarum
698 3420 954 3545 homines.
969 3420 1143 3559 aliqua
1168 3421 1362 3520 ratione
1386 3421 1613 3523 valerent

310 3591 696 3732 Relligiouibus‚
720 3591 877 3731 atque
901 3596 1052 3718 minis
1079 3593 1323 3696 obsistere
1348 3617 1551 3697 vatum:
1623 3712 1627 3719 ,

311 3767 468 3870 Nunc
492 3768 620 3897 rotie
645 3767 787 3867 nulla
811 3793 887 3870 est
911 3770 1151 3892 restandi,
1176 3767 1570 3890 nullassfacultas

310 3943 550 4044 AEternas
575 3941 818 4080 quoniam
842 3981 1016 4081 poeuas
1041 3945 1094 4045 in
1120 3967 1281 4045 morte
1307 3942 1605 4046 timendum.

310 4114 584 4259 Ignoratur
607 4118 743 4217 enim
770 4154 887 4255 quae
901 4119 978 4217 sit
1000 4140 1183 4219 natura
1205 4119 1409 4237 animai,

308 4292 362 4396 N
368 4316 450 4395 ata
472 4296 553 4417 111,
576 4332 660 4413 en,
687 4315 877 4414 contra,
904 4291 1224 4410 nascentibus
1248 4293 1548 4414 insinuetur,

235 4483 241 4490 '
309 4466 379 4569 Et
403 4469 553 4569 simul
576 4469 793 4568 intereat
815 4463 1079 4589 nobiscum
1104 4488 1266 4568 morte
1291 4466 1559 4606 dirempta,

306 4641 387 4744 An
414 4620 648 4744 tenebras
674 4638 800 4744 Orci
822 4641 965 4762 visat,
991 4662 1257 4781 vastasque
1280 4641 1502 4764 lacunas,

307 4816 391 4919 An
416 4816 638 4956 pecudes
662 4816 784 4917 alias
810 4814 1050 4918 divinitus
1074 4817 1298 4920 insinuet
1321 4853 1396 4943 se3

308 4988 507 5094 Ennius
529 5012 590 5092 ut
612 4988 784 5094 noster
807 4992 1004 5120 cecinit,
1033 4994 1122 5133 qui
1146 4995 1341 5135 primus
1365 5032 1560 5099 amoeno
