4432 5984
360 404 463 498 980
680 403 740 492 Τ.
809 399 1244 492 ΙΛΙΟΒΕᾸΤΙΙ
1312 400 1525 495 CARI
1614 381 1617 386 ¹

362 664 431 766 Et
454 665 627 800 multis
653 662 762 763 aliis
787 658 984 801 praebet
1010 659 1302 799 regionibus
1330 699 1509 799 aequor

226 921 228 923 >
360 839 649 944 Utilitatem
675 860 1015 976 opportunam
1044 833 1331 937 sitientibus
1359 837 1539 955 nautis,

363 1013 515 1161 Quod
545 1015 736 1130 dulceis
762 1014 896 1113 inter
922 1012 1073 1112 salsas
1100 1002 1389 1112 intervomit
1413 1012 1592 1114 undas.

204 1152 209 1164 ι
363 1190 446 1293 Sic
472 1192 633 1329 igitur
657 1227 751 1327 per
775 1227 888 1290 curn
917 1209 1134 1324 possunt
1159 1225 1425 1324 erumpere
1452 1188 1645 1288 fontem

362 1364 432 1466 Et
457 1388 647 1466 scatere
676 1363 760 1462 illa
785 1361 917 1462 foras
942 1362 994 1461 in
1023 1384 1225 1498 stupam
1252 1363 1471 1464 semina:
1510 1403 1616 1504 quo
1643 1404 1801 1505 quorn

364 1537 704 1656 Conveniunt,
733 1559 821 1636 aut
846 1535 1166 1674 quomtedai
1192 1537 1390 1673 corpori
1417 1534 1696 1659 adbaerent,

361 1713 652 1814 Ardescunt
676 1710 823 1811 facile
850 1711 1108 1848 externplo
1128 1751 1141 1837 3
1180 1710 1303 1847 quia
1322 1712 1483 1812 multa
1503 1750 1713 1852 quoque
1732 1714 1785 1812 in
1804 1750 1856 1812 se

364 1888 569 1990 Semina
594 1856 787 1986 habent
812 1887 944 2023 ignis
971 1908 1136 2024 stupae
1161 1888 1400 2029 tedaeque
1427 1914 1672 1991 tenentes.

432 2062 622 2166 Nonne
648 2062 789 2162 vides
814 2064 982 2180 etiam,
1009 2086 1258 2165 nocturna
1283 2066 1347 2166 ad
1373 2066 1567 2166 lumina
1591 2064 1838 2206 lychnum

361 2237 548 2376 Nuper
575 2237 661 2346 ubi
691 2238 1002 2338 exstinctum
1032 2238 1312 2360 admoveas,
1341 2240 1603 2346 accendier
1628 2262 1745 2340 ante

361 2384 533 2533 Quam
558 2414 728 2550 tetigit
753 2414 1041 2514 flammam?
1079 2414 1353 2555 tedamque
1379 2417 1489 2554 pari
1516 2417 1742 2518 ratione?

362 2588 638 2729 Multaque
664 2611 933 2727 praeterea,
961 2593 1106 2730 prius
1131 2591 1241 2728 ipso
1267 2613 1399 2691 tacta
1424 2628 1611 2728 vapore

363 2762 577 2864 Emiuus
604 2739 893 2886 ardescunt,
921 2803 1077 2903 quam
1105 2765 1332 2865 cominus
1357 2763 1555 2865 imbuat
1579 2768 1728 2905 ignis,

363 2939 476 3041 Hoc
504 2942 662 3078 igitur
688 2939 792 3040 fieri
821 2979 1028 3079 quoque
1055 2943 1105 3040 in
1134 2939 1222 3041 illo
1246 2939 1386 3040 fonte
1412 2941 1699 3076 putandum
1726 2966 1817 3044 est.

432 3110 585 3232 Quod
616 3137 860 3250 superest,
890 3154 1039 3252 agere
1065 3116 1304 3252 incipiam
1335 3152 1437 3253 quo
1463 3113 1651 3215 foedere
1677 3116 1766 3216 fiat

362 3286 595 3407 Naturae‚
623 3290 751 3426 lapis
781 3288 859 3389 hic
886 3315 943 3390 ut
968 3290 1158 3392 ferrum
1185 3291 1370 3391 ducere
1396 3290 1570 3427 possit,

363 3462 532 3584 Quem
563 3461 808 3600 Magneta
831 3488 1012 3565 vocant
1037 3467 1202 3602 patrio
1228 3465 1291 3565 de
1320 3467 1523 3565 nomine
1554 3465 1715 3606 Graji‚

244 3696 245 3701 Ν
362 3635 670 3776 Magnetum
698 3638 820 3775 quia
846 3639 911 3738 sit
935 3639 1112 3774 patriis
1137 3639 1190 3736 in
1220 3637 1405 3738 finibus
1431 3663 1586 3742 ortus

435 3812 589 3913 Hunc
615 3812 842 3914 homines
868 3813 1089 3950 lapidem
1116 3816 1381 3933 mirantur,
1410 3818 1603 3954 quippe
1630 3841 1858 3920 catenam

365 3989 601 4128 Saepe'ex
629 3967 841 4089 anncllis
865 3989 1035 4089 reddit
1058 3986 1402 4126 pendentibus
1428 4030 1492 4090 ex
1519 4030 1600 4094 se:

365 4163 611 4304 Quinque
637 4165 822 4264 etenim
850 4164 969 4281 licet
991 4165 1267 4281 interdum,
1295 4163 1591 4303 plureisque
1618 4166 1788 4268 videre

367 4341 564 4442 Ordine
591 4340 836 4440 demissos
861 4340 1058 4441 levibus
1075 4340 1315 4478 jactarier
1339 4340 1489 4459 auriS,
1551 4323 1552 4326 Ν

364 4514 514 4619 Unus
536 4515 624 4616 ubi
651 4553 715 4615 ex
741 4555 844 4618 uno
871 4515 1128 4652 dependet
1154 4512 1327 4614 subter
1352 4511 1647 4637 adbaerens3

366 4689 447 4794 Ex
474 4692 675 4828 alioque
702 4690 828 4790 alius
853 4689 1037 4827 lapidis
1061 4690 1162 4789 vim
1187 4687 1456 4825 vinclaque
1484 4688 1675 4790 noscit:
1846 4688 1854 4705 ⁸

366 4867 674 5006 Usqueadeo
701 4887 1057 5003 permananter
1080 4865 1154 4964 vis
1179 4864 1405 5001 pervalet
1430 4863 1553 5000 ejus,
1600 4969 1610 4974 ,

397 5032 399 5035 ’
436 5040 549 5142 Hoc
566 5039 955 5180 genusinrebus
969 5039 1530 5143 firmandumestmulta
1544 5043 1686 5184 prius
1703 5083 1859 5187 quam
2011 5124 2016 5130 ·
