<?xml version="1.0" encoding="UTF-8"?>
<!DOCTYPE html PUBLIC "-//W3C//DTD XHTML 1.0 Transitional//EN"
    "http://www.w3.org/TR/xhtml1/DTD/xhtml1-transitional.dtd">
<html xmlns="http://www.w3.org/1999/xhtml" xml:lang="en" lang="en">
 <head>
  <title>
</title>
<meta http-equiv="Content-Type" content="text/html;charset=utf-8" />
  <meta name='ocr-system' content='tesseract 3.04.00' />
  <meta name='ocr-capabilities' content='ocr_page ocr_carea ocr_par ocr_line ocrx_word'/>
</head>
<body>
  <div class='ocr_page' id='page_1' title='image "./tlucretiicaride01carugoog_0150.png"; bbox 0 0 4432 5984; ppageno 0'>
   <div class='ocr_carea' id='block_1_1' title="bbox 718 376 1847 479">
    <p class='ocr_par' dir='ltr' id='par_1_1' title="bbox 718 376 1847 479">
     <span class='ocr_line' id='line_1_1' title="bbox 718 376 1847 479; baseline 0 -3"><span class='ocrx_word' id='word_1_1' title='bbox 718 386 993 478; x_wconf 85' lang='lat' dir='ltr'>LIBER</span> <span class='ocrx_word' id='word_1_2' title='bbox 1056 380 1483 479; x_wconf 83' lang='lat' dir='ltr'><strong>QUARTUS.</strong></span> <span class='ocrx_word' id='word_1_3' title='bbox 1753 376 1847 476; x_wconf 76' lang='lat' dir='ltr'>ldl</span> 
     </span>
    </p>
   </div>
   <div class='ocr_carea' id='block_1_2' title="bbox 363 639 1808 1132">
    <p class='ocr_par' dir='ltr' id='par_1_2' title="bbox 363 639 1808 1132">
     <span class='ocr_line' id='line_1_2' title="bbox 363 639 1574 766; baseline -0.006 -21"><span class='ocrx_word' id='word_1_4' title='bbox 363 645 436 745; x_wconf 89' lang='lat' dir='ltr'>At</span> <span class='ocrx_word' id='word_1_5' title='bbox 460 669 649 766; x_wconf 90' lang='lat' dir='ltr'>contra,</span> <span class='ocrx_word' id='word_1_6' title='bbox 676 645 843 746; x_wconf 89' lang='lat' dir='ltr'>tenuis</span> <span class='ocrx_word' id='word_1_7' title='bbox 869 644 1051 745; x_wconf 90' lang='lat' dir='ltr'>summi</span> <span class='ocrx_word' id='word_1_8' title='bbox 1077 639 1370 742; x_wconf 87' lang='lat' dir='ltr'>membrana</span> <span class='ocrx_word' id='word_1_9' title='bbox 1396 640 1574 739; x_wconf 88' lang='lat' dir='ltr'>coloris</span> 
     </span>
     <span class='ocr_line' id='line_1_3' title="bbox 366 814 1808 956; baseline -0.001 -38"><span class='ocrx_word' id='word_1_10' title='bbox 366 815 499 920; x_wconf 85' lang='lat' dir='ltr'>Cum</span> <span class='ocrx_word' id='word_1_11' title='bbox 516 819 720 956; x_wconf 88' lang='lat' dir='ltr'>jacitur,</span> <span class='ocrx_word' id='word_1_12' title='bbox 748 816 876 918; x_wconf 90' lang='lat' dir='ltr'>nihil</span> <span class='ocrx_word' id='word_1_13' title='bbox 901 840 991 938; x_wconf 90' lang='lat' dir='ltr'>est,</span> <span class='ocrx_word' id='word_1_14' title='bbox 1020 817 1158 954; x_wconf 88' lang='lat' dir='ltr'>quod</span> <span class='ocrx_word' id='word_1_15' title='bbox 1185 854 1295 915; x_wconf 85' lang='lat' dir='ltr'>earn</span> <span class='ocrx_word' id='word_1_16' title='bbox 1321 814 1604 950; x_wconf 78' lang='lat' dir='ltr'>discerpere</span> <span class='ocrx_word' id='word_1_17' title='bbox 1630 817 1808 951; x_wconf 88' lang='lat' dir='ltr'>possit,</span> 
     </span>
     <span class='ocr_line' id='line_1_4' title="bbox 364 978 1741 1132; baseline 0.001 -42"><span class='ocrx_word' id='word_1_18' title='bbox 364 987 424 1091; x_wconf 94' lang='lat' dir='ltr'>In</span> <span class='ocrx_word' id='word_1_19' title='bbox 451 1016 710 1130; x_wconf 90' lang='lat' dir='ltr'>promptu,</span> <span class='ocrx_word' id='word_1_20' title='bbox 739 994 979 1132; x_wconf 88' lang='lat' dir='ltr'>quoniam</span> <span class='ocrx_word' id='word_1_21' title='bbox 1006 990 1157 1091; x_wconf 89' lang='lat' dir='ltr'>estin</span> <span class='ocrx_word' id='word_1_22' title='bbox 1183 988 1348 1124; x_wconf 84' lang='lat' dir='ltr'>prima</span> <span class='ocrx_word' id='word_1_23' title='bbox 1371 978 1538 1087; x_wconf 89' lang='lat' dir='ltr'>fronte</span> <span class='ocrx_word' id='word_1_24' title='bbox 1564 987 1741 1091; x_wconf 87' lang='lat' dir='ltr'>locata.</span> 
     </span>
    </p>
   </div>
   <div class='ocr_carea' id='block_1_3' title="bbox 345 1160 1854 5301">
    <p class='ocr_par' dir='ltr' id='par_1_3' title="bbox 364 1160 1849 1303">
     <span class='ocr_line' id='line_1_5' title="bbox 364 1160 1849 1303; baseline 0.001 -39"><span class='ocrx_word' id='word_1_25' title='bbox 364 1162 642 1286; x_wconf 87' lang='lat' dir='ltr'>Postrem0,</span> <span class='ocrx_word' id='word_1_26' title='bbox 661 1168 715 1266; x_wconf 92' lang='lat' dir='ltr'>in</span> <span class='ocrx_word' id='word_1_27' title='bbox 731 1166 963 1303; x_wconf 86' lang='lat' dir='ltr'>speculis,</span> <span class='ocrx_word' id='word_1_28' title='bbox 990 1166 1044 1263; x_wconf 92' lang='lat' dir='ltr'>in</span> <span class='ocrx_word' id='word_1_29' title='bbox 1070 1200 1219 1300; x_wconf 88' lang='lat' dir='ltr'>aqua,</span> <span class='ocrx_word' id='word_1_30' title='bbox 1248 1160 1620 1299; x_wconf 81' lang='lat' dir='ltr'>splendoreque</span> <span class='ocrx_word' id='word_1_31' title='bbox 1640 1163 1693 1261; x_wconf 91' lang='lat' dir='ltr'>in</span> <span class='ocrx_word' id='word_1_32' title='bbox 1713 1166 1849 1264; x_wconf 92' lang='lat' dir='ltr'>omni</span> 
     </span>
    </p>

    <p class='ocr_par' dir='ltr' id='par_1_4' title="bbox 366 1333 1797 1478">
     <span class='ocr_line' id='line_1_6' title="bbox 366 1333 1797 1478; baseline 0 -39"><span class='ocrx_word' id='word_1_33' title='bbox 366 1336 702 1478; x_wconf 76' lang='lat' dir='ltr'>Quaecunque</span> <span class='ocrx_word' id='word_1_34' title='bbox 728 1360 976 1478; x_wconf 82' lang='lat' dir='ltr'>apparent</span> <span class='ocrx_word' id='word_1_35' title='bbox 1001 1334 1144 1436; x_wconf 85' lang='lat' dir='ltr'>nobis</span> <span class='ocrx_word' id='word_1_36' title='bbox 1170 1333 1450 1455; x_wconf 86' lang='lat' dir='ltr'>simulacra,</span> <span class='ocrx_word' id='word_1_37' title='bbox 1477 1375 1680 1439; x_wconf 88' lang='lat' dir='ltr'>necesse</span> <span class='ocrx_word' id='word_1_38' title='bbox 1705 1362 1797 1460; x_wconf 88' lang='lat' dir='ltr'>est,</span> 
     </span>
    </p>

    <p class='ocr_par' dir='ltr' id='par_1_5' title="bbox 364 1509 1763 1653">
     <span class='ocr_line' id='line_1_7' title="bbox 364 1509 1763 1653; baseline -0.001 -40"><span class='ocrx_word' id='word_1_39' title='bbox 364 1510 797 1653; x_wconf 86' lang='lat' dir='ltr'>Quandoquidem</span> <span class='ocrx_word' id='word_1_40' title='bbox 824 1511 969 1615; x_wconf 85' lang='lat' dir='ltr'>simili</span> <span class='ocrx_word' id='word_1_41' title='bbox 1000 1509 1165 1646; x_wconf 89' lang='lat' dir='ltr'>specie</span> <span class='ocrx_word' id='word_1_42' title='bbox 1193 1529 1311 1605; x_wconf 91' lang='lat' dir='ltr'>sunt</span> <span class='ocrx_word' id='word_1_43' title='bbox 1334 1510 1551 1644; x_wconf 87' lang='lat' dir='ltr'>praedita</span> <span class='ocrx_word' id='word_1_44' title='bbox 1575 1550 1763 1633; x_wconf 89' lang='lat' dir='ltr'>rerum,</span> 
     </span>
    </p>

    <p class='ocr_par' dir='ltr' id='par_1_6' title="bbox 364 1680 1610 1822">
     <span class='ocr_line' id='line_1_8' title="bbox 364 1680 1610 1822; baseline -0.005 -39"><span class='ocrx_word' id='word_1_45' title='bbox 364 1680 488 1783; x_wconf 90' lang='lat' dir='ltr'>Esse</span> <span class='ocrx_word' id='word_1_46' title='bbox 513 1685 565 1782; x_wconf 92' lang='lat' dir='ltr'>in</span> <span class='ocrx_word' id='word_1_47' title='bbox 591 1684 895 1822; x_wconf 84' lang='lat' dir='ltr'>imaginibus</span> <span class='ocrx_word' id='word_1_48' title='bbox 920 1683 1079 1784; x_wconf 91' lang='lat' dir='ltr'>missis</span> <span class='ocrx_word' id='word_1_49' title='bbox 1107 1681 1374 1780; x_wconf 87' lang='lat' dir='ltr'>consistere</span> <span class='ocrx_word' id='word_1_50' title='bbox 1401 1720 1573 1782; x_wconf 89' lang='lat' dir='ltr'>eorum</span> <span class='ocrx_word' id='word_1_51' title='bbox 1593 1723 1610 1784; x_wconf 78' lang='lat' dir='ltr'>t.</span> 
     </span>
    </p>

    <p class='ocr_par' dir='ltr' id='par_1_7' title="bbox 362 1852 1780 1997">
     <span class='ocr_line' id='line_1_9' title="bbox 362 1852 1780 1997; baseline -0.002 -37"><span class='ocrx_word' id='word_1_52' title='bbox 362 1855 502 1959; x_wconf 87' lang='lat' dir='ltr'>Nam</span> <span class='ocrx_word' id='word_1_53' title='bbox 527 1898 618 1960; x_wconf 91' lang='lat' dir='ltr'>cur</span> <span class='ocrx_word' id='word_1_54' title='bbox 641 1860 728 1959; x_wconf 88' lang='lat' dir='ltr'>illa</span> <span class='ocrx_word' id='word_1_55' title='bbox 754 1859 937 1959; x_wconf 86' lang='lat' dir='ltr'>cadant</span> <span class='ocrx_word' id='word_1_56' title='bbox 962 1857 1143 1997; x_wconf 84' lang='lat' dir='ltr'>magis,</span> <span class='ocrx_word' id='word_1_57' title='bbox 1168 1853 1231 1953; x_wconf 89' lang='lat' dir='ltr'>ab</span> <span class='ocrx_word' id='word_1_58' title='bbox 1257 1852 1518 1993; x_wconf 88' lang='lat' dir='ltr'>rebusque</span> <span class='ocrx_word' id='word_1_59' title='bbox 1541 1856 1780 1958; x_wconf 84' lang='lat' dir='ltr'>recedant</span> 
     </span>
    </p>

    <p class='ocr_par' dir='ltr' id='par_1_8' title="bbox 364 2027 1746 2169">
     <span class='ocr_line' id='line_1_10' title="bbox 364 2027 1746 2169; baseline -0.001 -37"><span class='ocrx_word' id='word_1_60' title='bbox 364 2027 608 2169; x_wconf 87' lang='lat' dir='ltr'>Corpora,</span> <span class='ocrx_word' id='word_1_61' title='bbox 634 2070 717 2133; x_wconf 89' lang='lat' dir='ltr'>res</span> <span class='ocrx_word' id='word_1_62' title='bbox 739 2032 914 2133; x_wconf 91' lang='lat' dir='ltr'>multae</span> <span class='ocrx_word' id='word_1_63' title='bbox 941 2070 1058 2169; x_wconf 90' lang='lat' dir='ltr'>quae</span> <span class='ocrx_word' id='word_1_64' title='bbox 1085 2031 1295 2130; x_wconf 91' lang='lat' dir='ltr'>mittunt</span> <span class='ocrx_word' id='word_1_65' title='bbox 1320 2066 1528 2166; x_wconf 88' lang='lat' dir='ltr'>corpore</span> <span class='ocrx_word' id='word_1_66' title='bbox 1554 2054 1746 2167; x_wconf 90' lang='lat' dir='ltr'>aperto,</span> 
     </span>
    </p>

    <p class='ocr_par' dir='ltr' id='par_1_9' title="bbox 364 2198 1814 2516">
     <span class='ocr_line' id='line_1_11' title="bbox 364 2198 1814 2343; baseline 0.003 -42"><span class='ocrx_word' id='word_1_67' title='bbox 364 2198 534 2320; x_wconf 87' lang='lat' dir='ltr'>Quam</span> <span class='ocrx_word' id='word_1_68' title='bbox 560 2242 678 2343; x_wconf 87' lang='lat' dir='ltr'>quae</span> <span class='ocrx_word' id='word_1_69' title='bbox 701 2206 874 2303; x_wconf 85' lang='lat' dir='ltr'>tenuia</span> <span class='ocrx_word' id='word_1_70' title='bbox 898 2226 1034 2324; x_wconf 91' lang='lat' dir='ltr'>sunt,</span> <span class='ocrx_word' id='word_1_71' title='bbox 1059 2201 1285 2302; x_wconf 90' lang='lat' dir='ltr'>hiscendi</span> <span class='ocrx_word' id='word_1_72' title='bbox 1311 2224 1386 2301; x_wconf 87' lang='lat' dir='ltr'>cst</span> <span class='ocrx_word' id='word_1_73' title='bbox 1411 2203 1552 2302; x_wconf 88' lang='lat' dir='ltr'>nulla</span> <span class='ocrx_word' id='word_1_74' title='bbox 1576 2228 1814 2340; x_wconf 87' lang='lat' dir='ltr'>potestas.</span> 
     </span>
     <span class='ocr_line' id='line_1_12' title="bbox 434 2372 1677 2516; baseline 0.002 -42"><span class='ocrx_word' id='word_1_75' title='bbox 434 2372 568 2474; x_wconf 86' lang='lat' dir='ltr'>Sunt</span> <span class='ocrx_word' id='word_1_76' title='bbox 591 2378 748 2511; x_wconf 86' lang='lat' dir='ltr'>igitur</span> <span class='ocrx_word' id='word_1_77' title='bbox 771 2397 948 2476; x_wconf 89' lang='lat' dir='ltr'>tenues</span> <span class='ocrx_word' id='word_1_78' title='bbox 973 2376 1266 2504; x_wconf 85' lang='lat' dir='ltr'>formarum,</span> <span class='ocrx_word' id='word_1_79' title='bbox 1293 2376 1677 2516; x_wconf 88' lang='lat' dir='ltr'>consimilesque</span> 
     </span>
    </p>

    <p class='ocr_par' dir='ltr' id='par_1_10' title="bbox 364 2545 1457 2689">
     <span class='ocr_line' id='line_1_13' title="bbox 364 2545 1457 2689; baseline 0.002 -41"><span class='ocrx_word' id='word_1_80' title='bbox 364 2545 581 2686; x_wconf 85' lang='lat' dir='ltr'>Effigiae,</span> <span class='ocrx_word' id='word_1_81' title='bbox 608 2551 900 2689; x_wconf 81' lang='lat' dir='ltr'>singillatim</span> <span class='ocrx_word' id='word_1_82' title='bbox 927 2587 1053 2688; x_wconf 87' lang='lat' dir='ltr'>quas</span> <span class='ocrx_word' id='word_1_83' title='bbox 1078 2588 1282 2650; x_wconf 87' lang='lat' dir='ltr'>cernere</span> <span class='ocrx_word' id='word_1_84' title='bbox 1307 2588 1457 2652; x_wconf 88' lang='lat' dir='ltr'>nemo</span> 
     </span>
    </p>

    <p class='ocr_par' dir='ltr' id='par_1_11' title="bbox 365 2719 1654 2866">
     <span class='ocr_line' id='line_1_14' title="bbox 365 2719 1654 2866; baseline 0.007 -44"><span class='ocrx_word' id='word_1_85' title='bbox 365 2719 497 2822; x_wconf 85' lang='lat' dir='ltr'>Cum</span> <span class='ocrx_word' id='word_1_86' title='bbox 522 2725 694 2861; x_wconf 88' lang='lat' dir='ltr'>possit,</span> <span class='ocrx_word' id='word_1_87' title='bbox 713 2748 883 2825; x_wconf 86' lang='lat' dir='ltr'>tamen</span> <span class='ocrx_word' id='word_1_88' title='bbox 909 2725 1124 2825; x_wconf 88' lang='lat' dir='ltr'>adsiduo</span> <span class='ocrx_word' id='word_1_89' title='bbox 1140 2724 1420 2864; x_wconf 88' lang='lat' dir='ltr'>crebroque</span> <span class='ocrx_word' id='word_1_90' title='bbox 1446 2731 1654 2866; x_wconf 88' lang='lat' dir='ltr'>repulsu</span> 
     </span>
    </p>

    <p class='ocr_par' dir='ltr' id='par_1_12' title="bbox 362 2894 1737 3039">
     <span class='ocr_line' id='line_1_15' title="bbox 362 2894 1737 3039; baseline 0.007 -43"><span class='ocrx_word' id='word_1_91' title='bbox 362 2894 603 3035; x_wconf 87' lang='lat' dir='ltr'>Rejectae,</span> <span class='ocrx_word' id='word_1_92' title='bbox 630 2898 854 2998; x_wconf 91' lang='lat' dir='ltr'>reddunt</span> <span class='ocrx_word' id='word_1_93' title='bbox 879 2898 1198 3035; x_wconf 88' lang='lat' dir='ltr'>speculorum</span> <span class='ocrx_word' id='word_1_94' title='bbox 1225 2938 1289 2998; x_wconf 87' lang='lat' dir='ltr'>ex</span> <span class='ocrx_word' id='word_1_95' title='bbox 1315 2939 1519 3039; x_wconf 86' lang='lat' dir='ltr'>aequore</span> <span class='ocrx_word' id='word_1_96' title='bbox 1548 2906 1737 3006; x_wconf 87' lang='lat' dir='ltr'>visum:</span> 
     </span>
    </p>

    <p class='ocr_par' dir='ltr' id='par_1_13' title="bbox 364 3069 1462 3211">
     <span class='ocr_line' id='line_1_16' title="bbox 364 3069 1462 3211; baseline 0.004 -40"><span class='ocrx_word' id='word_1_97' title='bbox 364 3069 479 3172; x_wconf 88' lang='lat' dir='ltr'>Nec</span> <span class='ocrx_word' id='word_1_98' title='bbox 503 3071 695 3171; x_wconf 90' lang='lat' dir='ltr'>ratione</span> <span class='ocrx_word' id='word_1_99' title='bbox 721 3071 819 3171; x_wconf 88' lang='lat' dir='ltr'>alia</span> <span class='ocrx_word' id='word_1_100' title='bbox 843 3072 1026 3171; x_wconf 86' lang='lat' dir='ltr'>servari</span> <span class='ocrx_word' id='word_1_101' title='bbox 1052 3111 1198 3211; x_wconf 89' lang='lat' dir='ltr'>posse</span> <span class='ocrx_word' id='word_1_102' title='bbox 1225 3074 1462 3175; x_wconf 84' lang='lat' dir='ltr'>videntur</span> 
     </span>
    </p>

    <p class='ocr_par' dir='ltr' id='par_1_14' title="bbox 359 3240 1739 3389">
     <span class='ocr_line' id='line_1_17' title="bbox 359 3240 1739 3389; baseline 0.009 -47"><span class='ocrx_word' id='word_1_103' title='bbox 359 3240 664 3379; x_wconf 86' lang='lat' dir='ltr'>Tantopere,</span> <span class='ocrx_word' id='word_1_104' title='bbox 692 3264 750 3342; x_wconf 91' lang='lat' dir='ltr'>ut</span> <span class='ocrx_word' id='word_1_105' title='bbox 775 3243 959 3345; x_wconf 87' lang='lat' dir='ltr'>similes</span> <span class='ocrx_word' id='word_1_106' title='bbox 984 3246 1266 3349; x_wconf 88' lang='lat' dir='ltr'>reddantur</span> <span class='ocrx_word' id='word_1_107' title='bbox 1291 3250 1516 3386; x_wconf 86' lang='lat' dir='ltr'>quoique</span> <span class='ocrx_word' id='word_1_108' title='bbox 1541 3251 1739 3389; x_wconf 80' lang='lat' dir='ltr'>figurae.</span> 
     </span>
    </p>

    <p class='ocr_par' dir='ltr' id='par_1_15' title="bbox 345 3416 1720 3561">
     <span class='ocr_line' id='line_1_18' title="bbox 345 3416 1720 3561; baseline 0 -39"><span class='ocrx_word' id='word_1_109' title='bbox 345 3511 352 3522; x_wconf 90' lang='lat'><strong>.</strong></span> <span class='ocrx_word' id='word_1_110' title='bbox 434 3416 592 3519; x_wconf 89' lang='lat' dir='ltr'>Nunc</span> <span class='ocrx_word' id='word_1_111' title='bbox 619 3456 730 3555; x_wconf 83' lang='lat' dir='ltr'>age,</span> <span class='ocrx_word' id='word_1_112' title='bbox 758 3455 912 3555; x_wconf 87' lang='lat' dir='ltr'>quam</span> <span class='ocrx_word' id='word_1_113' title='bbox 939 3419 1079 3518; x_wconf 88' lang='lat' dir='ltr'>tenui</span> <span class='ocrx_word' id='word_1_114' title='bbox 1106 3442 1288 3519; x_wconf 85' lang='lat' dir='ltr'>natura</span> <span class='ocrx_word' id='word_1_115' title='bbox 1313 3443 1509 3519; x_wconf 88' lang='lat' dir='ltr'>constet</span> <span class='ocrx_word' id='word_1_116' title='bbox 1533 3424 1720 3561; x_wconf 87' lang='lat' dir='ltr'>imago,</span> 
     </span>
    </p>

    <p class='ocr_par' dir='ltr' id='par_1_16' title="bbox 362 3590 1749 3729">
     <span class='ocr_line' id='line_1_19' title="bbox 362 3590 1749 3729; baseline 0.004 -37"><span class='ocrx_word' id='word_1_117' title='bbox 362 3590 606 3729; x_wconf 84' lang='lat' dir='ltr'>Percipe3</span> <span class='ocrx_word' id='word_1_118' title='bbox 643 3615 695 3691; x_wconf 88' lang='lat' dir='ltr'>et</span> <span class='ocrx_word' id='word_1_119' title='bbox 719 3592 948 3727; x_wconf 90' lang='lat' dir='ltr'>inprimis</span> <span class='ocrx_word' id='word_1_120' title='bbox 974 3594 1216 3729; x_wconf 87' lang='lat' dir='ltr'>quoniam</span> <span class='ocrx_word' id='word_1_121' title='bbox 1242 3595 1519 3729; x_wconf 88' lang='lat' dir='ltr'>primordia</span> <span class='ocrx_word' id='word_1_122' title='bbox 1542 3619 1749 3699; x_wconf 87' lang='lat' dir='ltr'>tantum</span> 
     </span>
    </p>

    <p class='ocr_par' dir='ltr' id='par_1_17' title="bbox 366 3764 1604 3905">
     <span class='ocr_line' id='line_1_20' title="bbox 366 3764 1604 3905; baseline 0.002 -39"><span class='ocrx_word' id='word_1_123' title='bbox 366 3764 501 3866; x_wconf 91' lang='lat' dir='ltr'>Sunt</span> <span class='ocrx_word' id='word_1_124' title='bbox 525 3765 657 3867; x_wconf 87' lang='lat' dir='ltr'>infra</span> <span class='ocrx_word' id='word_1_125' title='bbox 681 3787 875 3866; x_wconf 92' lang='lat' dir='ltr'>nostros</span> <span class='ocrx_word' id='word_1_126' title='bbox 901 3801 1092 3884; x_wconf 87' lang='lat' dir='ltr'>sensus,</span> <span class='ocrx_word' id='word_1_127' title='bbox 1120 3786 1369 3905; x_wconf 87' lang='lat' dir='ltr'>tantoque</span> <span class='ocrx_word' id='word_1_128' title='bbox 1394 3769 1604 3890; x_wconf 89' lang='lat' dir='ltr'>minora,</span> 
     </span>
    </p>

    <p class='ocr_par' dir='ltr' id='par_1_18' title="bbox 364 3936 1854 4252">
     <span class='ocr_line' id='line_1_21' title="bbox 364 3936 1812 4079; baseline 0.003 -40"><span class='ocrx_word' id='word_1_129' title='bbox 364 3936 537 4059; x_wconf 79' lang='lat' dir='ltr'>Quam</span> <span class='ocrx_word' id='word_1_130' title='bbox 563 3979 681 4079; x_wconf 88' lang='lat' dir='ltr'>quae</span> <span class='ocrx_word' id='word_1_131' title='bbox 705 3940 930 4076; x_wconf 91' lang='lat' dir='ltr'>primum</span> <span class='ocrx_word' id='word_1_132' title='bbox 955 3937 1089 4036; x_wconf 87' lang='lat' dir='ltr'>oculi</span> <span class='ocrx_word' id='word_1_133' title='bbox 1115 3961 1339 4075; x_wconf 88' lang='lat' dir='ltr'>coeptant</span> <span class='ocrx_word' id='word_1_134' title='bbox 1364 3978 1463 4039; x_wconf 93' lang='lat' dir='ltr'>nou</span> <span class='ocrx_word' id='word_1_135' title='bbox 1492 3977 1639 4076; x_wconf 90' lang='lat' dir='ltr'>posse</span> <span class='ocrx_word' id='word_1_136' title='bbox 1664 3944 1812 4043; x_wconf 88' lang='lat' dir='ltr'>tueri.</span> 
     </span>
     <span class='ocr_line' id='line_1_22' title="bbox 433 4110 1854 4252; baseline 0.004 -40"><span class='ocrx_word' id='word_1_137' title='bbox 433 4110 828 4214; x_wconf 87' lang='lat' dir='ltr'>Nunotamenid</span> <span class='ocrx_word' id='word_1_138' title='bbox 839 4112 1854 4252; x_wconf 88' lang='lat' dir='ltr'>quoqueuticonfirmem,exordiarcrum.</span> 
     </span>
    </p>

    <p class='ocr_par' dir='ltr' id='par_1_19' title="bbox 362 4285 1854 4599">
     <span class='ocr_line' id='line_1_23' title="bbox 362 4285 1679 4427; baseline -0.006 -37"><span class='ocrx_word' id='word_1_139' title='bbox 362 4286 677 4390; x_wconf 81' lang='lat' dir='ltr'>Cunctorum</span> <span class='ocrx_word' id='word_1_140' title='bbox 702 4326 857 4427; x_wconf 85' lang='lat' dir='ltr'>quam</span> <span class='ocrx_word' id='word_1_141' title='bbox 882 4288 983 4386; x_wconf 88' lang='lat' dir='ltr'>sint</span> <span class='ocrx_word' id='word_1_142' title='bbox 1007 4285 1228 4407; x_wconf 84' lang='lat' dir='ltr'>subtilia,</span> <span class='ocrx_word' id='word_1_143' title='bbox 1255 4287 1461 4424; x_wconf 87' lang='lat' dir='ltr'>percipe</span> <span class='ocrx_word' id='word_1_144' title='bbox 1490 4288 1679 4423; x_wconf 85' lang='lat' dir='ltr'>paucis.</span> 
     </span>
     <span class='ocr_line' id='line_1_24' title="bbox 431 4460 1854 4599; baseline -0.002 -35"><span class='ocrx_word' id='word_1_145' title='bbox 431 4460 659 4564; x_wconf 89' lang='lat' dir='ltr'>Primum</span> <span class='ocrx_word' id='word_1_146' title='bbox 687 4462 923 4562; x_wconf 88' lang='lat' dir='ltr'>animalia</span> <span class='ocrx_word' id='word_1_147' title='bbox 949 4485 1068 4563; x_wconf 90' lang='lat' dir='ltr'>sunt</span> <span class='ocrx_word' id='word_1_148' title='bbox 1085 4462 1192 4598; x_wconf 87' lang='lat' dir='ltr'>jam</span> <span class='ocrx_word' id='word_1_149' title='bbox 1217 4464 1405 4599; x_wconf 90' lang='lat' dir='ltr'>partim</span> <span class='ocrx_word' id='word_1_150' title='bbox 1431 4463 1644 4584; x_wconf 87' lang='lat' dir='ltr'>tantula,</span> <span class='ocrx_word' id='word_1_151' title='bbox 1672 4501 1854 4565; x_wconf 88' lang='lat' dir='ltr'>eorum.</span> 
     </span>
    </p>

    <p class='ocr_par' dir='ltr' id='par_1_20' title="bbox 357 4634 1526 4776">
     <span class='ocr_line' id='line_1_25' title="bbox 357 4634 1526 4776; baseline -0.002 -38"><span class='ocrx_word' id='word_1_152' title='bbox 357 4636 531 4738; x_wconf 87' lang='lat' dir='ltr'>Tertia</span> <span class='ocrx_word' id='word_1_153' title='bbox 554 4652 672 4776; x_wconf 85' lang='lat' dir='ltr'>&#39;pars</span> <span class='ocrx_word' id='word_1_154' title='bbox 697 4636 841 4736; x_wconf 85' lang='lat' dir='ltr'>nulla</span> <span class='ocrx_word' id='word_1_155' title='bbox 863 4660 923 4737; x_wconf 91' lang='lat' dir='ltr'>ut</span> <span class='ocrx_word' id='word_1_156' title='bbox 948 4638 1105 4774; x_wconf 90' lang='lat' dir='ltr'>possit</span> <span class='ocrx_word' id='word_1_157' title='bbox 1130 4639 1323 4738; x_wconf 88' lang='lat' dir='ltr'>ratione</span> <span class='ocrx_word' id='word_1_158' title='bbox 1348 4634 1526 4736; x_wconf 83' lang='lat' dir='ltr'>videri.</span> 
     </span>
    </p>

    <p class='ocr_par' dir='ltr' id='par_1_21' title="bbox 359 4809 1849 4949">
     <span class='ocr_line' id='line_1_26' title="bbox 359 4809 1849 4949; baseline 0.001 -36"><span class='ocrx_word' id='word_1_159' title='bbox 359 4809 559 4913; x_wconf 87' lang='lat' dir='ltr'>Horum</span> <span class='ocrx_word' id='word_1_160' title='bbox 587 4811 883 4911; x_wconf 87' lang='lat' dir='ltr'>intestinum</span> <span class='ocrx_word' id='word_1_161' title='bbox 909 4811 1126 4949; x_wconf 91' lang='lat' dir='ltr'>quodvis</span> <span class='ocrx_word' id='word_1_162' title='bbox 1146 4811 1296 4949; x_wconf 89' lang='lat' dir='ltr'>quale</span> <span class='ocrx_word' id='word_1_163' title='bbox 1312 4850 1418 4912; x_wconf 88' lang='lat' dir='ltr'>esse</span> <span class='ocrx_word' id='word_1_164' title='bbox 1436 4813 1723 4948; x_wconf 86' lang='lat' dir='ltr'>putandum</span> <span class='ocrx_word' id='word_1_165' title='bbox 1740 4816 1849 4915; x_wconf 79' lang='lat' dir='ltr'>estl</span> 
     </span>
    </p>

    <p class='ocr_par' dir='ltr' id='par_1_22' title="bbox 359 4981 1846 5127">
     <span class='ocr_line' id='line_1_27' title="bbox 359 4981 1846 5127; baseline 0.001 -40"><span class='ocrx_word' id='word_1_166' title='bbox 359 4981 535 5107; x_wconf 68' lang='lat' dir='ltr'>Quid?</span> <span class='ocrx_word' id='word_1_167' title='bbox 587 4984 755 5087; x_wconf 92' lang='lat' dir='ltr'>cordis</span> <span class='ocrx_word' id='word_1_168' title='bbox 786 4982 971 5121; x_wconf 88' lang='lat' dir='ltr'>globus</span> <span class='ocrx_word' id='word_1_169' title='bbox 1021 5008 1110 5086; x_wconf 89' lang='lat' dir='ltr'>aut</span> <span class='ocrx_word' id='word_1_170' title='bbox 1158 4987 1324 5089; x_wconf 80' lang='lat' dir='ltr'>oculil</span> <span class='ocrx_word' id='word_1_171' title='bbox 1377 4985 1502 5127; x_wconf 92' lang='lat' dir='ltr'>quid</span> <span class='ocrx_word' id='word_1_172' title='bbox 1520 4990 1547 5089; x_wconf 76' lang='lat' dir='ltr'>l.</span> <span class='ocrx_word' id='word_1_173' title='bbox 1589 4985 1846 5091; x_wconf 79' lang='lat' dir='ltr'>membral</span> 
     </span>
    </p>

    <p class='ocr_par' dir='ltr' id='par_1_23' title="bbox 497 5158 867 5301">
     <span class='ocr_line' id='line_1_28' title="bbox 497 5158 867 5301; baseline -0.003 -39"><span class='ocrx_word' id='word_1_174' title='bbox 497 5158 659 5301; x_wconf 80' lang='lat' dir='ltr'>quidt</span> <span class='ocrx_word' id='word_1_175' title='bbox 696 5160 867 5261; x_wconf 78' lang='lat' dir='ltr'>artusl</span> 
     </span>
    </p>
   </div>
   <div class='ocr_carea' id='block_1_4' title="bbox 0 0 2220 5984">
    <p class='ocr_par' dir='ltr' id='par_1_24' title="bbox 0 0 2220 5984">
     <span class='ocr_line' id='line_1_29' title="bbox 0 0 2220 5984; baseline 0 2"><span class='ocrx_word' id='word_1_176' title='bbox 0 0 2220 5984; x_wconf 95' lang='lat' dir='ltr'> </span> 
     </span>
    </p>
   </div>
  </div>
 </body>
</html>
