4432 5984
358 292 429 405 96
562 399 566 407 ,
692 302 753 391 T.
818 294 1240 391 LUCRETII
1288 295 1535 409 ·cARL

362 559 567 662 Semota
591 557 655 660 ab
681 557 818 659 dulci
841 558 944 658 vita
969 553 1239 695 stabilique
1263 553 1558 677 videntur?
1572 600 1581 621 ‚
1605 602 1610 607 ·
1635 604 1688 649 .·.·..
1744 594 1761 647 ὲ·

361 734 433 835 Et
458 734 602 875 quasi
621 733 729 872 jam
746 728 873 831 lethi
897 753 1069 868 portas
1094 728 1377 831 cunctarier
1400 749 1551 833 ante-t
1624 776 1627 783 ·
1662 776 1666 783 ·
1702 768 1747 809 ···
1837 733 1840 737 ¹

361 906 516 1013 Unde
541 904 788 1024 homines,
814 903 937 1003 dum
964 940 1020 1007 se,
1040 901 1172 1003 salso
1194 918 1384 1003 terrore
1408 904 1569 1005 coacti
1696 934 1703 961 ²
1810 906 1817 919 '
1897 898 1903 995 ’.

362 1077 632 1217 Refugisse
656 1077 837 1195 volunt
859 1076 1029 1214 louge,
1055 1077 1311 1214 longeque
1335 1078 1570 1201 romonae,
1695 1156 1706 1176 .
1747 1130 1750 1137 ·
1906 1070 1910 1077 ¹

363 1252 624 1391 Sanguine
648 1250 782 1352 'civili
806 1287 912 1351 rem
938 1250 1191 1372 conflant3
1228 1247 1547 1389 divitiasque·
1665 1316 1669 1325 ·

365 1425 745 1563 Conduplicant
767 1422 926 1543 uvidi,'
943 1422 1135 1523 caedem
1161 1420 1289 1523 caedi
1314 1424 1712 1531 accumulantes}
1844 1514 1847 1519 .
1901 1508 1904 1513 .

366 1598 612 1701 Crudeles
636 1594 863 1736 gaudent
888 1598 1093 1698 intristi
1117 1595 1296 1697 funere
1313 1594 1514 1698 fratris:

365 1771 438 1873 Et
463 1764 893 1909 consanguineum
919 1806 1116 1869 mensas
1139 1766 1308 1885 odere,
1334 1766 1638 1909 timentque.
1772 1816 1802 1843 ·-
1916 1840 1925 1855 ·

438 1944 700 2049 Consimili
725 1944 918 2045 ratione
944 1940 1009 2043 ab
1034 1941 1211 2042 eodem
1235 1977 1369 2077 saepe
1394 1944 1575 2046 timore
1647 1986 1651 1995 ·
1744 2030 1748 2037 .
1806 1944 1878 2033 εἴ

366 2118 598 2223 Macerat
623 2119 839 2221 invidia:
879 2116 1191 2218 ante'oculos
1216 2115 1360 2215 illurn
1386 2154 1494 2217 esse
1516 2138 1818 2255 potentem,
1920 2210 1927 2219 .

367 2290 522 2394 Illum
547 2292 846 2428 adspectari‚
866 2290 1104 2428 claroque
1128 2289 1361 2391 incedere
1385 2286 1608 2417 honore;
1687 2324 1696 2337 ·

289 2528 293 2535 ·
366 2464 473 2605 Ipsi
500 2504 551 2566 se
576 2463 876 2567 intenebris
899 2464 1031 2565 volvi
1055 2482 1304 2601 coenoque
1325 2488 1628 2603 queruntur.

370 2638 639 2742 Intereunt
661 2639 845 2777 partim
873 2658 1168 2757 statuarum,
1195 2658 1249 2737 et
1271 2639 1487 2739 nominis
1506 2677 1659 2778 ergo:

371 2816 441 2918 Et
465 2853 599 2952 saepe
625 2812 951 2953 usqueadeo,
978 2814 1151 2912 mortis
1175 2810 1460 2931 formidine,
1488 2815 1602 2915 vitae
1686 2858 1690 2867 ·

372 2990 600 3128 Percipit
616 2986 863 3089 humanoa
887 2985 1077 3104 odium,
1097 2985 1326 3122 lucisque
1343 2985 1594 3109 videndae,
1724 3026 1731 3035 ·

373 3163 448 3268 Ut
473 3163 568 3263 sibi
594 3162 903 3263 consciscant
927 3159 1159 3268 moerenti
1182 3179 1386 3295 pectore
1414 3160 1628 3284 lothum,

376 3339 542 3443 Obliti
566 3338 757 3439 fontem
784 3371 1017 3435 curarum
1044 3328 1180 3434 hunc
1205 3370 1312 3433 esse
1337 3335 1587 3457 timorem,
1719 3372 1725 3387 ·
1787 3380 1791 3387 ·
1886 3340 1897 3351 “

376 3510 530 3613 Hunc
554 3544 736 3609 vexare
761 3504 1026 3644 pudorem,
1053 3501 1190 3607 hunc
1213 3504 1415 3608 vincula
1439 3513 1675 3613 amicitiai

376 3683 650 3822 Rumpere,
671 3692 725 3782 et'
746 3684 800 3782 in
827 3679 1531 3815 summapietatem‘evertere
1555 3683 1753 3788 fundu·

378 3857 517 3959 Nam
534 3859 801 3995 jam's'aepe
826 3852 1055 3953 homines
1078 3853 1312 3990 patriam,
1338 3886 1580 3993 carosque
1603 3862 1879 3994 parenteia

381 4029 743 4147 Prodiderunt,
771 4028 928 4129 vitare
951 4022 1231 4127 Acherusia
1254 4028 1446 4166 templa
1470 4053 1717 4168 petentes.
1780 4076 1789 4125 ι

449 4200 587 4306 Nam
610 4201 766 4303 vel'uti
792 4199 939 4337 pueri
965 4197 1241 4336 trepidant,
1263 4205 1614 4340 atque-omnia
1630 4208 1777 4309 caecia

377 4377 440 4481 In
466 4375 688 4478 tenebris
712 4396 977 4476 metuunt:
1017 4374 1087 4473 sio
1111 4411 1207 4474 nos
1227 4375 1283 4475 in
1305 4375 1418 4475 luce
1439 4378 1678 4483 timemus

379 4551 661 4672 Interdum,
688 4546 847 4649 nihilo
867 4584 986 4685 quae
1006 4562 1130 4644 'sunt
1152 4550 1427 4653 metuenda
1450 4556 1610 4694 magis
1635 4593 1812 4696 quam·

382 4727 516 4849 Quae
538 4727 686 4866 pueri
710 4726 763 4826 in
788 4720 1010 4824 tenebris
1035 4722 1278 4858 pavitant,
1305 4722 1612 4866 finguntque
1635 4726 1827 4833 futura.
1867 4800 1871 4805 -

381 4901 536 5017 Hunc
560 4899 717 5038 igitur
739 4920 982 4997 terrorem
1007 4897 1180 5018 animi,
1206 4897 1542 5042 tenebrasque
1567 4941 1767 5053 necease
1781 4932 1872 5014 est
