4432 5984
704 363 974 461 LIBER
1033 358 1507 458 SECUNDUS.
1784 367 1855 461 ’85

360 624 525 746 Quid?
542 663 704 764 genus
718 623 999 727 humanum
1017 625 1286 763 propritim
1303 662 1329 723 e
1351 626 1539 766 quibus
1554 616 1732 765 aptum
1746 626 1852 734 ests!

361 798 563 902 Scilicet
587 823 638 899 et
662 802 765 901 risu
790 800 1008 901 tremulo
1034 839 1274 909 concussa
1298 799 1617 923 cachinnant,
1657 898 1661 905 .

358 972 428 1075 Et
451 976 697 1114 lacrymis.r
714 972 1274 1113 sparguntrorantibus
1299 1012 1387 1075 ora
1411 1014 1686 1116 genasque,

358 1146 633 1288 Multaque
660 1152 724 1250 de
749 1188 920 1250 rerum
946 1151 1158 1251 mistura
1183 1147 1349 1251 dicere
1375 1152 1575 1272 callent,
1615 1245 1619 1256 .

359 1322 428 1424 Et
453 1322 548 1424 sibi
572 1362 818 1461 proporro
844 1366 963 1465 quae
989 1328 1089 1427 sint
1114 1326 1392 1463 primordia
1418 1347 1672 1464 quaerunt.

431 1496 864 1637 Quandoquidem
888 1503 1007 1601 totis
1032 1499 1330 1601 mortalibus
1355 1499 1657 1601 adsimulata

359 1668 478 1808 Ipsa
499 1709 706 1810 quoque
727 1709 797 1772 ‚cx
822 1674 930 1774 aliis
955 1672 1147 1774 debent
1171 1697 1397 1775 constare
1417 1674 1707 1797 elementis3

360 1841 488 1943 Inde
508 1844 605 1942 alia
629 1881 693 1943 cx
718 1844 845 1965 aliis,
859 1887 1116 1988 nusquam
1142 1851 1411 1949 consistere
1437 1869 1497 1949 ut
1521 1848 1667 1950 ausis.
1756 1946 1759 1951 .
1818 1934 1819 1938 a

361 2018 569 2159 Quippe
596 2058 795 2159 sequar,
823 2022 1170 2162 quodcunque
1194 2024 1354 2161 loqui,
1382 2020 1653 2159 ridereque
1680 2019 1830 2141 dices,

360 2192 429 2295 Et
450 2232 642 2332 sapere,
666 2194 865 2294 exaliis
890 2195 1069 2296 eadem
1095 2195 1204 2296 baec
1229 2193 1547 2315 facientibus
1574 2218 1634 2295 ut
1659 2196 1738 2299 sit.

363 2367 519 2489 Quod
545 2371 585 2469 si
610 2370 771 2474 delira
793 2368 905 2472 haec
924 2367 1215 2508 furiosaque
1241 2371 1492 2475 cernimus
1518 2407 1641 2491 esse,
1739 2469 1743 2477 .

361 2543 431 2646 Et
455 2546 621 2646 ridere
648 2567 817 2683 potest
839 2582 905 2644 ex
928 2580 1032 2642 non
1056 2540 1340 2643 ridentibus
1364 2565 1531 2682 aptus,
1599 2601 1602 2604 >

360 2719 430 2822 Et
454 2759 645 2859 sapere,
673 2743 725 2821 et
750 2719 910 2820 doctis
930 2718 1181 2818 rationem
1205 2717 1612 2839 redderedictis,
1777 2794 1781 2799 ·
1817 2777 1820 2783 ·

360 2893 484 2997 Non
510 2933 574 2995 ex
600 2893 874 3007 seminibus
900 2892 1212 3029 sapientibus
1237 2915 1394 3031 atque
1420 2890 1617 2994 disertis
1631 2934 1649 3017 32
1767 2992 1771 2996 ,

361 3067 467 3189 Qut
490 3071 657 3171 minus
683 3107 788 3170 esse
806 3088 999 3208 queant
1023 3104 1097 3188 ea,
1119 3068 1448 3205 quaesentire
1473 3066 1702 3172 videmus
1759 3164 1764 3174 .

360 3242 649 3347 Seminibus
674 3244 915 3381 permista
938 3241 1229 3343 carentibus
1251 3243 1482 3382 undique
1507 3249 1690 3347 sensul
1791 3275 1796 3279 ·
1822 3328 1825 3332 .

429 3416 673 3556 Denique
698 3416 1085 3554 coelestisumus
1102 3455 1275 3518 omnes
1301 3420 1489 3519 semine
1513 3421 1746 3524 oriundi:
1809 3431 1813 3436 ’
1943 3555 1945 3560 ¹

362 3590 617 3696 Omnibus
634 3592 720 3690 ille
738 3590 873 3691 idem
901 3612 1046 3726 pater
1071 3613 1161 3712 est,
1186 3591 1330 3691 unde
1351 3593 1483 3693 alma
1501 3594 1774 3734 liquenteis

360 3768 650 3870 Humorum
677 3787 847 3904 guttas
871 3786 1033 3864 mater
1058 3768 1216 3904 quom
1235 3787 1376 3865 terra
1400 3769 1606 3903 recepit,
1707 3860 1710 3867 .

360 3941 503 4043 Foeta
525 3942 660 4079 parit
684 3938 869 4059 nitidas
886 3939 1076 4077 fruges,
1102 3937 1413 4079 arbustaque
1437 3943 1573 4065 laeta,

360 4116 429 4220 Et
454 4153 614 4255 genus
639 4113 934 4233 humanum,
961 4114 1096 4250 parit
1106 4115 1282 4217 omnia
1306 4116 1454 4217 saecla
1477 4116 1716 4240 ferarum,
1815 4170 1821 4185 ·

358 4289 555 4392 Pabula
577 4326 733 4426 quom
756 4284 970 4426 praebet,
984 4286 1180 4425 quibus
1193 4327 1367 4391 omnes
1380 4330 1592 4429 corpora
1609 4319 1837 4431 pascunt,

359 4462 429 4566 Et
452 4462 652 4565 dulcem
673 4461 868 4565 ducunt
882 4464 1049 4583 vitam,
1074 4465 1374 4604 prolemque
1388 4471 1715 4606 'propagant'

361 4636 896 4775 Quaproptcrmerito
919 4659 1206 4737 maternum
1228 4675 1416 4738 nomen
1441 4639 1630 4778 adepta
1646 4667 1748 4744 est*

362 4809 515 4912 Cedit
536 4812 658 4913 item
681 4833 819 4914 retro
843 4811 907 4912 de
932 4834 1068 4914 terra
1091 4811 1232 4952 quod
1256 4810 1356 4914 fuit
1377 4835 1512 4934 ante,

360 4981 420 5087 In
448 5007 638 5115 terram
666 4987 883 5126 ,etquod
911 4989 1121 5091 missurn
1144 5009 1310 5091 estex
1334 4985 1536 5091 aetheris
1561 4990 1676 5113 oris,
1775 5076 1778 5082 .
