4432 5984
430 392 533 507 ato
754 411 814 500 r.
882 404 1315 504 1116111111
1381 415 1593 509 cani

432 671 585 776 Unde
611 671 761 771 etiam
786 662 990 771 libitum
1017 695 1093 772 est
1118 668 1317 811 'stirpeis
1342 676 1653 779 committere
1679 682 1861 806 ramis;

430 845 500 947 Et
526 884 655 946 nova
682 845 919 944 defodere
947 847 995 945 in
1023 869 1210 946 terram
1234 849 1457 986 virgulta
1481 889 1574 987 per
1598 891 1774 991 agros:

431 1020 558 1120 lnde
585 1020 732 1118 aliam
758 1018 913 1157 atquc
940 1020 1088 1118 aliam
1102 1021 1364 1123 culturam
1391 1023 1553 1127 dulcis
1579 1032 1730 1169 agelli

427 1192 733 1313 Tentabant,
760 1192 1058 1330 fructusque
1078 1193 1214 1297 feros
1241 1200 1587 1300 mansuescere
1613 1225 1748 1308 terra
1894 1217 1897 1222 ’

432 1370 723 1474 0611611611
745 1371 1077 1509 indulgendo,
1105 1372 1395 1510 blandeque
1423 1376 1649 1480 colende.

431 1543 596 1684 Inque
624 1545 730 1644 dies
756 1544 917 1681 magis
942 1544 994 1644 in
1021 1569 1245 1645 montem
1272 1544 1539 1648 succedere
1566 1551 1731 1688 sylvas

432 1716 717 1856 Cogebant,
738 1717 972 1856 infraque
998 1718 1166 1820 locum
1192 1718 1467 1818 concedere
1494 1722 1672 1824 cultis:

429 1891 597 2011 Prata,
623 1892 777 2010 lacus,
805 1891 951 2011 11100,
979 1904 1188 2030 segetes,
1206 1892 1476 2029 vinetaque
1502 1895 1620 1997 laeta

431 2064 664 2168 Collibus
690 2090 742 2167 et
766 2067 954 2202 campis
978 2089 1037 2164 ut
1062 2064 1325 2182 haberent,
1353 2087 1507 2203 atque
1533 2071 1756 2174 olearum

429 2238 632 2342 Caerula
657 2242 973 2379 distinguens
999 2239 1130 2337 inter
1154 2238 1307 2376 plaga
1332 2279 1532 2344 currere
1559 2271 1729 2383 posset

428 2412 527 2514 Por
551 2416 789 2534 1111111101,
818 2438 870 2514 61
894 2408 1177 2533 convalleis,
1205 2452 1511 2553 camposque
1536 2418 1772 2555 profusa:

425 2587 502 2691 Ut
525 2628 662 2690 nuno
689 2628 794 2690 esse
820 2589 961 2690 vides
985 2591 1122 2688 vario
1148 2588 1383 2689 distincta
1406 2590 1579 2727 lepore

427 2761 631 2883 Omnia,
653 2802 769 2902 quae
795 2765 957 2901 pomis
983 2762 1209 2861 intersita
1236 2761 1469 2863 dulcibus
1493 2786 1703 2889 ornant3

423 2938 764 3077 Arbustisque
789 2961 967 3040 tenent
985 2939 1216 3042 felicibus
1241 2938 1404 3041 obsita
1430 2938 1633 3037 circum.

491 3115 563 3214 At
585 3113 808 3252 liquidas
834 3116 1001 3214 avium
1026 3102 1173 3215 voces
1198 3115 1441 3213 imitarier
1465 3152 1551 3213 ore

420 3290 555 3389 Ante
582 3289 679 3389 fuit
704 3290 879 3409 mult0,
908 3328 1061 3428 quam
1087 3289 1232 3389 laevia
1258 3288 1478 3387 carmina
1502 3310 1654 3387 cantu

424 3461 789 3563 Concelebrare
817 3461 1044 3562 homines
1068 3483 1290 3599 possent,
1319 3461 1587 3598 aureisque
1607 3461 1804 3597 juvare.

421 3635 492 3736 Et
514 3634 724 3773 zephyri
750 3612 869 3736 cava
893 3673 986 3772 per
1011 3637 1317 3736 calamorum
1343 3633 1488 3733 sibila
1513 3618 1750 3771 primum
1920 3662 1922 3667 ’

420 3810 683 3948 Agresteis
710 3809 925 3909 docuere
951 3846 1095 3907 cavas
1121 3809 1297 3908 inflare
1325 3809 1541 3912 cicutas:

269 4122 279 4129 .
421 3981 548 4083 Inde
576 3983 861 4083 minutatim
887 3982 1077 4083 dulceis
1103 3982 1323 4083 didicere
1350 3986 1596 4120 querelas,

419 4155 569 4257 Tibia
594 4195 720 4295 quas
743 4136 923 4257 fundit
940 4156 1112 4293 digitis
1137 4156 1337 4293 pulsata
1361 4181 1648 4280 canentum,

419 4331 549 4432 Avia
573 4368 665 4468 per
689 4368 910 4452 nemora,
938 4366 994 4429 ac
1022 4329 1186 4467 sylvas
1211 4322 1469 4470 saltusque
1496 4357 1713 4472 reperta,

421 4503 520 4605 Per
544 4506 653 4605 loca
677 4528 936 4641 pastorum
963 4505 1176 4622 deserta,
1205 4502 1358 4643 atque
1384 4508 1487 4605 otia
1512 4509 1623 4610 dia:

422 4679 503 4780 Sic
529 4717 687 4778 unum
715 4679 969 4818 quidquid
994 4684 1258 4820 paullatim
1283 4683 1534 4820 protrahit
1558 4709 1678 4786 aetas

250 4952 259 4961 ,
421 4850 482 4953 11
508 4851 748 4970 medium,
776 4855 1005 4994 ratioque
1031 4858 1082 4958 in
1108 4860 1313 4960 luminis
1339 4860 1473 4959 eruit
1497 4899 1623 4963 oras.
1757 4866 1759 4870 ⁴

420 5027 548 5130 Haec
574 5028 764 5128 animos
789 5027 900 5131 ollis
925 5031 1218 5135 mulcebant
1241 5058 1394 5177 atque
1412 5035 1662 5174 juvabant
1693 5034 1696 5039 ’
