4432 5984
361 383 462 486 eos
626 347 1528 523 'nnuonnr11cnnr
1660 383 1663 387 ’

361 642 678 745 Profluvium
703 678 855 784 porro
882 647 972 786 qui
997 611 1120 750 tetri
1140 650 1400 789 sanguinis
1427 637 1539 751 acie

362 816 587 940 Exierat,
609 803 784 922 'tamen
810 825 864 925 in
890 862 1068 927 nervos
1094 823 1212 926 huic
1238 820 1446 925 morbus
1471 849 1523 924 et
1547 847 1685 925 artus

360 991 497 1116 Ibat,
523 1020 574 1097 et
600 999 651 1098 in
676 1001 865 1136 parteis
890 1000 1154 1138 genitaleis
1181 990 1594 1136 corporis‘ipsas3
1747 1111 1751 1118 ‚

363 1164 434 1269 Et
457 1172 679 1308 graviter
701 1173 887 1310 partim
913 1195 1194 1274 metuentes
1218 1172 1394 1273 limina
1416 1169 1543 1271 lethi
1689 1224 1695 1233 ·

361 1341 619 1447 Vivebant
642 1345 775 1448 ferro
800 1348 984 1485 privati
1008 1371 1154 1484 parte
1171 1348 1334 1450 virili:

364 1514 436 1618 Et
459 1518 694 1622 manibus
720 1523 826 1623 sine
852 1524 1086 1626 nonnulli
1111 1521 1437 1662 pedibusque
1464 1520 1746 1664 manebant

221 1775 227 1796 ,
364 1688 427 1791 ln
453 1692 556 1794 vita
581 1718 767 1816 tamen,
794 1720 847 1798 et
870 1697 1156 1836 perdebant
1177 1700 1373 1801 lumina
1396 1699 1613 1837 partim:

321 1842 325 1853 ⁸
366 1864 546 2007 Usque
573 1868 698 1971 adeo
725 1873 899 1974 mortis
925 1873 1193 1975 metushis
1219 1874 1498 1976 incusserat
1522 1914 1651 1977 acer.
1747 1980 1751 1987 ,

364 2040 540 2191 Atque
565 2047 717 2145 etiam
743 2047 989 2184 quosdam
1017 2084 1196 2185 cepere
1221 2045 1407 2149 oblivia
1432 2088 1603 2151 rerum

369 2213 700 2340 Cunctarum,
728 2260 897 2362 neque
925 2260 976 2322 se
1001 2245 1207 2359 possent
1232 2262 1532 2362 cognoscere
1560 2248 1618 2326 ut
1644 2226 1755 2363 ipsi.

437 2391 713 2535 Multaque
741 2396 880 2498 humi
920 2436 1076 2537 quom
1112 2395 1376 2500 inhumata
1398 2399 1628 2582 jacqrent
1652 2438 1862 2538 corpora

576 2611 730 2710 supra

334 2855 340 2866 ,
369 2744 697 2887 Corporibus,
725 2773 894 2851 tamen
922 2751 1137 2853 alituum
1164 2788 1327 2889 genus
1353 2769 1509 2888 atque
1534 2745 1758 2862 ferarum

365 2921 476 3025 Aut
500 2925 678 3063 procul
703 2923 984 3046 absiliebat‚
1007 2949 1065 3027 ut
1089 2963 1255 3026 acrem
1281 2922 1445 3024 exiret
1468 2921 1706 3047 odorem3

366 3100 489 3213 Aut,
516 3101 605 3202 ubi
631 3106 876 3240 gustbrat,
902 3100 1183 3240 languebat
1207 3121 1369 3197 morte
1394 3097 1702 3235 propinqua.
1734 3128 1738 3137 ’
1772 3230 1773 3236 Ν

370 3270 484 3376 Nec
509 3298 678 3376 tamen
705 3277 911 3376 omnino
936 3299 1124 3376 temere
1149 3273 1249 3373 illis
1276 3271 1464 3371 solibus
1494 3270 1596 3370 ulla
1702 3363 1708 3370 ,

369 3448 715 3589 Comparebat
738 3453 857 3571 aviS,
885 3490 977 3552 nec
1004 3448 1237 3551 noctibus
1263 3445 1411 3546 saecla
1435 3444 1656 3545 ferarum

370 3625 598 3729 Exibant
624 3626 805 3765 sylvis3
844 3623 1161 3765 languebant
1183 3620 1430 3760 pleraque
1456 3616 1634 3719 morbo

372 3801 441 3903 Et
466 3801 840 3907 moriebantur:
882 3839 1039 3940 quom
1065 3802 1241 3939 primis
1266 3798 1370 3900 fida
1394 3835 1574 3898 eanum
1601 3797 1676 3897 vis

374 3978 542 4079 Strata
566 3980 659 4080 viis
684 3979 899 4078 animam
927 3976 1152 4115 ponebat
1177 3979 1228 4076 in
1255 3971 1492 4074 omnibus
1518 4008 1735 4108 aegram;

374 4152 730 4294 Extorquebat
754 4156 889 4255 enim
913 4154 1068 4254 vitam
1083 4153 1167 4260 ¹vis
1194 4146 1425 4252 morbida
1450 4142 1704 4247 membris,

374 4325 674 4430 Incomitata
698 4331 808 4466 rapi
834 4327 1092 4431 certabant
1119 4326 1299 4428 funera
1322 4344 1490 4434 vasta:

377 4503 490 4611 Nec
515 4508 643 4606 ratio
668 4505 857 4611 remedi
884 4503 1164 4606 communis
1188 4521 1324 4600 certa
1350 4493 1583 4596 dabatur.

376 4679 513 4784 Nam
542 4681 680 4820 quod
708 4682 797 4780 alls
823 4680 1033 4779 dederat
1056 4676 1249 4780 vitaleis
1276 4673 1404 4776 aeris
1429 4709 1579 4771 auras

375 4855 592 4964 Volvere
617 4858 670 4957 in
695 4895 781 4956 ore
807 4856 974 4975 licere,
1001 4878 1054 4955 et
1078 4852 1189 4954 coeli
1215 4849 1405 4986 templa
1429 4847 1576 4967 tueri,

377 5031 491 5135 Hoc
516 5033 625 5134 aliis
649 5053 758 5134 erat
780 5030 953 5162 critic,
977 5027 1278 5166 lethumque
1306 5021 1533 5164 parabat.
