4432 5984
772 386 1045 493 LIBER
1105 378 1459 491 PRIMUS.

373 658 582 761 Infinita
607 683 730 761 aetas
755 662 972 762 anteacti
998 661 1241 798 temporis
1266 659 1429 758 omnis

372 833 526 954 Quod
551 834 785 974 fregisset
809 835 994 958 adhuc,
1022 836 1329 955 disturbans,
1358 831 1758 971 dissolvensque,
1847 858 1851 864 ’

372 1006 660 1148 Nunquam
686 1011 884 1150 reliqiio
909 1015 1132 1150 reparari
1158 1035 1385 1150 ternpore
1411 1032 1602 1148 posset:

368 1184 441 1285 At
466 1226 602 1287 nunc
629 1186 870 1287 nimirum
896 1186 1165 1325 frangendi
1185 1185 1385 1286 reddita
1410 1183 1524 1283 finis

371 1358 525 1461 Certa
548 1384 740 1484 manet3
769 1362 1010 1498 quoniam
1036 1341 1173 1465 refici
1194 1399 1300 1461 rem
1328 1396 1588 1498 quamque
1613 1355 1861 1489 videmus,

371 1531 440 1634 Et
465 1535 609 1636 finita
634 1536 783 1637 simul
809 1537 1089 1674 generatim
1115 1558 1346 1672 tempora
1371 1532 1523 1635 rebus

370 1704 530 1827 Stare,
560 1708 748 1846 quibus
774 1711 971 1845 possint
995 1711 1088 1812 aevi
1113 1713 1407 1848 contingere
1433 1712 1627 1811 florem.

439 1881 559 1984 Huc
584 1885 793 2006 accedit,
821 1885 895 1985 uti
923 1884 1225 1985 solidissima
1249 1885 1478 1985 materiai

368 2054 599 2201 Corpora
623 2096 739 2157 cum
766 2079 1014 2177 constant,
1042 2059 1236 2196 possint
1263 2081 1436 2159 tamen
1461 2059 1632 2159 omnia
1656 2055 1802 2159 reddi

335 2357 340 2365 ι
367 2225 563 2353 Mollia,
593 2272 710 2372 quae
736 2234 878 2353 fiant,
906 2237 1007 2354 aer,
1030 2273 1179 2372 aqua,
1204 2256 1356 2355 terra,
1382 2272 1611 2372 vapores,

367 2405 486 2528 Quo
512 2433 662 2546 pacto
688 2410 828 2530 fiant,
857 2432 908 2510 et
934 2412 1109 2549 quavi
1135 2449 1339 2550 cunque
1365 2432 1635 2548 genantur,

362 2560 654 2686 Admistum
682 2587 923 2725 quoniam
950 2588 1104 2687 semel
1130 2610 1205 2688 est
1230 2589 1283 2687 in
1308 2585 1462 2688 rebus
1486 2588 1652 2688 inane.

362 2759 434 2858 At
459 2782 649 2878 contra,
676 2761 718 2860 si
743 2760 914 2860 mollia
940 2761 1041 2861 sint
1058 2761 1337 2897 primordia
1362 2802 1550 2885 rerum,

363 2932 518 3037 Unde
545 2958 739 3075 queant
761 2936 916 3036 validi
942 2928 1120 3056 silices,
1148 2935 1445 3076 ferrumque
1470 2938 1646 3058 creari,

364 3105 489 3211 Non
514 3112 704 3248 poterit
728 3111 856 3211 ratio
882 3109 1058 3210 reddi:
1097 3148 1216 3210 nam
1242 3108 1475 3213 funditus
1500 3111 1664 3215 omnis

361 3281 622 3422 Principio
647 3284 966 3386 fundamenti
993 3308 1176 3385 natura
1199 3283 1406 3388 carebit.

360 3455 494 3557 Sunt
518 3459 677 3597 igitur
701 3458 861 3558 solida
878 3424 1124 3596 pollentia
1148 3458 1486 3594 simplicitate,

362 3631 597 3753 Quorum
623 3632 876 3733 condenso
902 3634 1062 3770 magis
1087 3633 1254 3734 omnia
1281 3633 1548 3733 conciliatu

358 3807 558 3907 Arctari
585 3828 812 3942 possunt,
839 3808 1134 3946 validasque
1159 3804 1425 3908 ostendere
1450 3807 1615 3908 vireis.

428 3978 669 4120 Denique
680 3980 789 4119 jam
816 3985 1058 4120 quoniam
1084 3981 1365 4120 generatim
1391 3978 1592 4080 reddita
1616 3978 1731 4080 finis

359 4155 632 4258 Crescendi
658 4154 809 4256 rebus
835 4180 1045 4278 constat,
1071 4158 1331 4294 vitamque
1355 4152 1551 4274 tuendi,

357 4330 427 4433 Et
453 4332 578 4472 quid
606 4371 827 4472 quaeque
855 4354 1047 4471 queant
1071 4368 1165 4469 per
1188 4329 1379 4431 foedera
1403 4335 1620 4450 naturai,

357 4507 499 4630 Quid
510 4546 661 4646 porro
677 4508 951 4648 nequeant,
962 4507 1206 4607 sancitum
1225 4500 1645 4644 quandoquidem
1660 4514 1848 4628 exstat3

200 4760 204 4766 -
357 4685 471 4788 Nec
497 4709 839 4788 commutatur
864 4681 1166 4822 quidquam,
1194 4679 1321 4817 quin
1346 4679 1515 4778 omnia
1539 4698 1770 4778 constant

356 4857 537 4999 Usque
562 4859 705 4980 adeo,
732 4860 884 4960 variae
909 4856 1148 4956 volucres.
1163 4875 1222 4955 ut
1247 4853 1300 4952 in
1325 4852 1503 4954 ordine
1529 4841 1726 4996 cunctae

358 5026 650 5137 Ostendant
674 5034 895 5143 maculas
922 5030 1202 5172 generaleis
1227 5030 1428 5167 corpori
1451 5029 1637 5152 inesse3

1143 5216 1162 5259 Ι
