4432 5984
698 319 973 431 LIBER
1037 322 1384 418 SEXTUS·
1697 326 1795 424 9151

300 577 576 706 Fulminis3
615 579 725 684 haeo
750 581 912 682 multo
933 585 975 684 si
1002 582 1131 683 forte
1157 581 1371 683 humore
1397 585 1591 724 recepit

300 752 497 895 Ignem,
524 760 766 861 continuo
792 784 852 861 ut
877 797 1062 896 magno
1089 759 1306 857 clamore
1332 760 1582 862 trucidet:

299 927 375 1032 Ut
398 932 572 1032 calidis
599 935 818 1036 candens
844 935 1035 1035 ferrum
1062 974 1089 1034 e
1114 933 1403 1035 fornacibus
1430 935 1549 1035 olim

299 1099 496 1220 Stridit,
518 1103 606 1202 ubi
632 1105 686 1204 in
711 1110 941 1245 gelidum
966 1146 1183 1245 propere
1210 1109 1541 1212 demersimus
1563 1111 1792 1217 imbrem.

366 1261 574 1380 Aridior
597 1319 749 1417 porro
776 1285 815 1382 si
842 1282 1003 1383 nubes
1029 1285 1213 1420 accipit
1237 1285 1428 1420 ignem,

298 1447 482 1552 Uritur
506 1456 701 1592 ingenti
728 1460 895 1557 sonitu
923 1496 1161 1559 succensa
1184 1479 1425 1593 repente:

256 1754 259 1759 Ι
299 1622 626 1729 Lauricomos
654 1653 712 1730 ut
736 1632 777 1730 si
804 1671 896 1773 per
920 1634 1135 1734 monteis
1161 1633 1366 1730 ssarnma
1390 1658 1619 1772 vagetur,

295 1801 523 1907 Turbine
548 1832 812 1909 ventorum
840 1807 1141 1909 comburens
1166 1808 1356 1943 impete
1384 1847 1600 1947 magn03

298 1977 412 2081 Neo
437 2020 517 2081 res
542 1983 648 2083 ulla
672 1984 833 2122 magis
861 2021 1015 2122 quam
1042 1979 1223 2081 Phoebi
1251 1979 1506 2119 Delphica
1529 1984 1704 2143 laurus

294 2150 532 2254 Terribili
560 2157 728 2258 sonitu
754 2158 959 2257 flamma
983 2159 1263 2294 crepitante
1289 2179 1557 2259 crematur.

367 2328 609 2469 Denique
636 2372 770 2472 saepe
795 2335 897 2471 geli
924 2334 1113 2433 multus
1139 2332 1325 2469 fragor,
1354 2353 1509 2468 atque
1536 2331 1686 2433 ruina

299 2499 590 2625 Grandinis,
618 2507 668 2606 in
696 2510 892 2644 magnis
919 2507 1138 2607 sonitum
1165 2505 1253 2604 dat
1276 2503 1502 2605 nubibus
1527 2506 1644 2608 alte.

294 2675 493 2781 Ventus
518 2681 653 2780 enim
681 2717 836 2817 quom
863 2680 1120 2799 confercit,
1147 2679 1459 2818 franguntur
1481 2681 1534 2780 in
1562 2704 1761 2786 arctum

297 2855 536 2960 Concreti
564 2879 759 2958 montes
784 2853 1091 2974 nimborum,
1119 2876 1171 2953 et
1194 2854 1442 2992 grandine
1468 2857 1618 2958 misti.

365 3030 540 3171 Fulgit
564 3034 703 3153 item,
733 3031 892 3132 nubes
918 3032 1050 3169 ignis
1077 3067 1234 3168 quom
1262 3004 1452 3131 semina
1476 3032 1641 3131 multa

296 3206 580 3312 Excussere
607 3247 697 3309 suo
724 3246 990 3328 concursu,
1019 3244 1104 3305 seu
1132 3204 1356 3343 lapidem
1383 3209 1422 3307 si

296 3381 557 3485 Percutiat
580 3383 730 3520 lapis,
752 3404 843 3481 aut
865 3379 1071 3498 ferrum,
1099 3418 1217 3479 nam
1243 3402 1354 3481 tum
1382 3419 1592 3523 quoque
1616 3383 1792 3485 lumen

295 3557 497 3679 Exsilit‚
523 3582 575 3658 et
600 3559 757 3659 claras
783 3555 1023 3667 scintillas
1050 3554 1278 3691 dissupat
1303 3557 1450 3693 ignis,

365 3733 463 3832 Sed
493 3733 737 3832 tonitrum
762 3729 822 3830 fit
846 3729 923 3828 uti
948 3748 1064 3863 post
1089 3728 1294 3829 auribus
1320 3732 1625 3869 accipiamus

295 3905 511 4046 Fulgere
538 3943 694 4046 quam
719 3927 928 4007 cernant
951 3901 1101 4021 oculi,
1129 3905 1252 4041 quia
1277 3943 1477 4043 semper
1498 3905 1564 4005 ad
1590 3908 1753 4007 aureis

292 4080 510 4184 Tardius
536 4056 828 4200 adveniunt,
856 4117 1010 4217 quam
1037 4079 1197 4179 visum
1225 4118 1340 4217 quae
1367 4102 1602 4180 moveant
1625 4118 1720 4185 res·

295 4255 356 4359 Id
382 4258 501 4358 licet
525 4255 643 4357 hinc
669 4258 821 4357 etiam
847 4290 1178 4391 cognoscere3
1216 4255 1411 4354 caedere
1437 4257 1649 4393 siquem

294 4431 521 4572 Ancipiti
540 4431 711 4532 videas
737 4429 872 4531 ferro
898 4430 1077 4567 procul
1102 4427 1293 4529 arboris
1320 4454 1546 4550 auctum,

294 4606 429 4708 Ante
454 4607 514 4707 fit
539 4628 597 4707 ut
621 4645 794 4709 cernas
819 4610 993 4730 ictum,
1021 4650 1176 4749 quam
1202 4609 1354 4747 plaga
1379 4647 1473 4748 per
1497 4610 1661 4709 aureis

295 4780 402 4882 Det
426 4754 675 4895 sonitum:
715 4784 784 4884 sic
809 4783 1060 4924 fulgorem
1088 4822 1293 4924 quoque
1321 4784 1571 4884 cernimus
1596 4806 1713 4885 ante

296 4956 466 5081 Quam
490 4959 737 5067 tonitrum
762 4963 1052 5105 accipimus,
1086 4962 1277 5103 pariter
1302 4961 1393 5103 qui
1418 4961 1640 5062 mittitur
1662 4962 1788 5100 igni,

999 5143 1018 5192 Ι
1035 5149 1054 5192 1.
1072 5144 1089 5194 2
