4432 5984
363 386 459 489 192
696 394 755 480 T.
818 392 1246 483 LUCRETII
1312 396 1522 485 CARI

360 650 591 753 Pendere
617 691 701 752 eos
726 691 899 790 poenas
925 654 1130 755 immani
1156 693 1250 793 pro
1277 655 1463 755 scelere
1488 660 1699 780 omneis,

362 825 468 945 Qui
497 826 688 924 ratione
714 865 805 927 sua
829 827 1118 931 disturbent
1142 834 1324 932 moenia
1345 831 1541 952 mundi,

362 1002 776 1142 Praeeiartunque
801 1004 961 1103 velint
985 1008 1093 1105 coeii
1122 1008 1437 1145 restinguere
1463 1006 1635 1129 solem,

364 1177 675 1280 immortalia
702 1181 896 1280 mortali
925 1220 1153 1282 sermone
1180 1202 1425 1281 notantes

436 1351 568 1472 Quae
594 1354 773 1490 procul
799 1394 961 1493 usque
989 1358 1115 1458 adeo
1141 1358 1311 1457 divino
1331 1352 1395 1455 ab
1422 1355 1629 1455 numine
1649 1352 1886 1473 distant,

365 1524 533 1667 Inque
560 1527 710 1627 debm
738 1566 951 1630 numero
977 1532 1046 1633 sie
1072 1554 1190 1632 sunt
1217 1529 1428 1667 indigua
1452 1529 1630 1651 videri,

365 1700 617 1803 Notitiam
643 1703 814 1839 potius
839 1701 1067 1840 praebere
1094 1727 1152 1804 ut
1178 1742 1321 1842 posse
1347 1726 1609 1841 putentur,

365 1874 506 1997 Quid
534 1877 598 1976 sit
621 1877 758 1976 vitati
787 1899 926 1976 motu
953 1914 1208 2017 sensuque
1234 1902 1498 1979 remotum.

366 2048 578 2188 Quippe
604 2052 789 2149 etenim
818 2089 918 2151 non
945 2077 1021 2153 est
1045 2094 1161 2155 curu
1188 2052 1368 2192 quovis
1393 2088 1602 2189 corpore
1627 2072 1687 2153 ut
1711 2088 1836 2153 esse

367 2226 519 2328 Posse
546 2228 699 2326 animi
729 2249 907 2328 natura
931 2251 1159 2365 putetur,
1187 2228 1587 2366 consiliumque:

367 2404 512 2502 Sient
537 2404 587 2502 in
615 2400 803 2502 aetbere
830 2442 930 2503 non
957 2403 1122 2533 arbor,
1149 2442 1242 2504 nee
1270 2404 1317 2501 in
1347 2440 1553 2539 aequore
1575 2402 1703 2502 saiso

368 2572 552 2674 Nubes
579 2613 684 2673 esse
714 2602 925 2714 queunt,
953 2616 1120 2718 neque
1146 2580 1310 2716 pisces
1338 2580 1500 2677 virere
1529 2576 1577 2675 in
1605 2576 1770 2699 arvis;

370 2748 483 2850 Nee
510 2788 659 2849 eruor
684 2752 733 2849 in
762 2751 929 2890 lignis,
958 2793 1049 2854 nee
1076 2755 1206 2853 saxis
1233 2789 1410 2851 succus
1435 2749 1625 2848 inesse:

370 2923 576 3024 Certurn
596 2965 651 3025 ae
668 2925 965 3063 dispositum
983 2951 1073 3048 est,
1085 2928 1170 3027 ubi
1182 2922 1438 3065 quidquid
1455 2943 1645 3021 crescat
1659 2942 1713 3021 et
1726 2922 1886 3030 insit.

370 3100 451 3199 Sic
479 3102 631 3198 aninri
658 3124 839 3200 natura
864 3106 1045 3241 nequit
1072 3106 1177 3203 sine
1204 3136 1411 3237 corpore
1437 3098 1556 3195 oriri

371 3272 508 3391 Sela,
536 3312 702 3410 neque
728 3312 757 3372 a
786 3276 963 3393 nervis,
992 3298 1043 3373 et
1069 3277 1312 3412 sanguine
1341 3272 1559 3409 iongiter
1584 3304 1723 3369 esse:

372 3444 546 3545 linesi
578 3470 743 3584 posset
768 3450 919 3568 enirn,
948 3452 1107 3549 inulte
1137 3451 1274 3586 prius
1301 3451 1409 3587 ipsa
1434 3448 1585 3548 anirni
1614 3447 1688 3546 vis

371 3618 428 3719 lu
458 3623 639 3756 eapite,
666 3644 753 3720 aut
781 3620 1018 3742 innueris,
1047 3644 1135 3721 aut
1160 3623 1271 3721 iuris
1298 3624 1519 3725 calcibus
1545 3662 1652 3724 esse

370 3793 558 3912 Posset,
586 3818 636 3893 et
662 3797 850 3896 innasci
878 3801 1054 3935 quavis
1080 3800 1128 3898 in
1159 3823 1301 3936 purte
1329 3802 1544 3903 soleret:

365 3966 842 4070 'iundernineodern
857 3971 1478 4113 bornirre,atqrreineodem
1490 4022 1604 4084 vase
1618 3964 1891 4096 ma'neret.

369 4144 520 4264 Quod
541 4149 778 4282 quoniam
803 4171 970 4246 nostro
992 4188 1023 4286 q
1033 4188 1197 4287 noque
1214 4178 1408 4256 constat
1423 4198 1632 4297 corpore
1647 4184 1896 4291 certum,

370 4318 791 4456 Dispositurnque
816 4321 1034 4441 videtur,
1065 4325 1147 4425 ubi
1176 4368 1280 4428 esse
1307 4355 1358 4431 et
1384 4373 1604 4435 erescere
1630 4338 1809 4473 possit

369 4496 781 4631 Seorsurnanbna
796 4519 949 4634 atque
959 4502 1179 4623 anirnus3
1197 4526 1338 4607 tanto
1357 4510 1515 4645 inagis
1535 4510 1900 4623 inficiandum
1971 4534 1975 4545 '

366 4667 550 4768 Tuturn
582 4707 724 4805 posse
752 4693 896 4769 extra
920 4711 1104 4809 corpus
1130 4674 1446 4819 formamque
1474 4684 1769 4789 animalem·

369 4842 611 4943 putribus
639 4846 686 4941 in
717 4844 879 4980 glebis
906 4869 1171 4969 terrarum,
1200 4876 1287 4954 aut
1313 4855 1429 4953 solis
1456 4855 1507 4953 in
1534 4857 1659 4995 igni,

367 5022 474 5119 Aut
499 5021 552 5118 in
579 5058 713 5158 equa
740 5020 938 5143 durare,
966 5024 1192 5125 anteitis
1218 5027 1419 5128 aetberis
1446 5031 1559 5133 oris.
