4432 5984
361 337 460 439 134
723 350 783 438 Τ.
835 347 1270 441 LUCRETII
1335 346 1550 439 CARI

431 604 543 705 Hoc
570 606 721 705 etiam
748 605 838 705 tibi
867 629 977 708 tute
1003 609 1256 711 interdum
1284 606 1451 708 dicere
1475 606 1666 743 possis:

361 777 579 880 Lumina
608 780 673 879 sis
698 780 855 880 oeulis
880 783 1031 881 etiarn
1057 781 1221 883 bonus
1237 766 1409 883 Ancus
1434 781 1659 918 reliquit,
1783 836 1787 841 ·

362 950 466 1073 Qui
493 954 671 1054 melior
695 955 881 1072 multis,
909 991 1062 1091 quam
1089 975 1164 1073 tu,
1189 953 1304 1073 fuit,
1330 951 1579 1091 improbe,
1607 952 1798 1067 rebus.

360 1124 489 1227 Inde
515 1129 599 1228 alii
627 1129 772 1227 multi
799 1165 958 1265 reges,
987 1164 1259 1266 rerumque
1285 1148 1518 1264 potentes

362 1299 693 1420 Occiderunt,
721 1302 916 1438 magnis
943 1302 1031 1441 qui
1057 1299 1296 1438 gentibus
1322 1301 1696 1438 imperitbrunte

430 1470 525 1572 llle
569 1510 775 1611 quoquc
814 1472 938 1608 ipse,
981 1474 1111 1574 viam
1157 1475 1248 1611 qui
1285 1474 1544 1613 quondam
1580 1484 1675 1613 pe'r
1713 1510 1883 1575 mare

500 1684 740 1782 magnum

362 1819 566 1939 Stravit,
594 1821 792 1957 iterque
819 1820 963 1921 dedit
985 1819 1269 1958 legionibus
1294 1822 1367 1921 ire
1393 1859 1485 1959 per
1509 1822 1687 1943 altum,

360 1994 437 2093 Ac
463 1992 681 2131 pedibus
708 1994 858 2094 salsas
885 1997 1057 2097 docuit
1081 2034 1235 2132 super
1259 1998 1331 2094 ire
1357 1996 1577 2115 lacunas,

364 2166 431 2269 Et
456 2170 772 2305 contempsit,
801 2173 946 2311 aquis
973 2172 1234 2289 insultam,
1261 2206 1522 2269 murmura
1546 2168 1710 2307 ponti,

362 2338 582 2483 Lumine
610 2342 865 2479 adempta,
892 2346 1107 2443 animam
1135 2340 1439 2441 moribundo
1464 2379 1677 2481 corpore
1698 2342 1880 2449 fudit.

431 2518 705 2658 Scipiades,
732 2519 852 2619 belli
879 2518 1088 2638 fulmen,
1119 2514 1439 2653 Carthaginis
1466 2514 1657 2636 horror,

363 2688 494 2795 Ossa
520 2693 662 2793 dedit
684 2715 850 2813 terrae,
876 2689 1090 2828 proinde
1115 2727 1172 2788 ac
1198 2687 1356 2788 famul
1382 2689 1587 2790 infimus
1612 2712 1765 2793 esset.
1858 2788 1865 2801 ,

431 2868 581 2967 Adde
608 2890 889 3005 repertores
914 2864 1272 2984 doctrinarum,
1298 2888 1454 3002 atque
1480 2863 1733 2998 leporum,

360 3043 511 3144 Adde
529 3040 918 3141 Heliconiadum
940 3037 1172 3159 comites;
1212 3073 1428 3173 quorum
1450 3072 1583 3136 uuus
1600 3034 1885 3145 Homerus

364 3221 574 3357 Sceptra
602 3216 808 3355 potitus,
836 3213 1013 3313 eadem
1039 3212 1147 3310 aliis
1172 3211 1366 3347 sopitus
1392 3214 1563 3349 quiete
1590 3235 1680 3315 est.

434 3389 1052 3529 DeniqucDemocritum
1079 3405 1348 3522 postquam
1376 3410 1572 3488 matura
1597 3411 1842 3495 vetustas

362 3566 645 3666 Admonuit
671 3600 942 3661 memorem
969 3580 1134 3657 motus
1158 3557 1482 3693 languescere
1510 3562 1708 3682 mentis,

366 3738 559 3875 Sponte
587 3775 677 3837 sua
700 3733 839 3836 letho
866 3757 1024 3872 caput
1047 3733 1226 3834 obvius
1251 3730 1453 3836 obtulit.
1529 3734 1551 3836 l
1558 3774 1647 3874 pse

278 3932 288 3951 ⁰
366 3911 482 4050 lpse
514 3910 765 4048 Epicurus
790 3908 897 4008 oblt
922 3909 1132 4008 decurso
1157 3908 1349 4006 lumine
1374 3908 1507 4026 vitae,

368 4084 471 4205 Qui
497 4121 657 4222 genus
684 4081 961 4183 humanum
988 4084 1193 4220 ingenio
1219 4083 1489 4221 superavit,
1518 4105 1571 4183 ct
1594 4086 1802 4189 omneis

367 4255 639 4372 Restinxit,
667 4254 835 4353 stellas
861 4278 1064 4355 exortus
1093 4259 1161 4355 uti
1191 4255 1430 4357 aetherius
1456 4256 1544 4356 sol.

434 4426 517 4527 Tu.
541 4464 658 4526 vero
684 4423 957 4547 dubitabis,
986 4453 1038 4528 et
1062 4428 1393 4567 indignabere
1418 4428 1576 4551 obire,
1638 4524 1641 4529 .

368 4602 576 4721 Mortua
601 4600 723 4736 quoi
749 4601 850 4699 vita
874 4624 949 4700 est
975 4638 1135 4739 prope
1153 4602 1262 4739 jam
1285 4603 1413 4721 vivo,
1452 4624 1607 4740 atque
1631 4603 1887 4723 videnti!

371 4775 475 4897 Qui
502 4811 676 4874 somno
702 4796 896 4910 partem
922 4776 1162 4913 majorem
1188 4776 1404 4876 conteris
1430 4777 1555 4877 nevil
1775 4742 1780 4747 .

216 4980 220 4987 ’
372 4949 441 5051 Εῑ
463 4946 676 5085 vigilans
702 4947 883 5068 stertis,
911 4988 1003 5051 neo
1029 4953 1221 5052 somnia
1245 4987 1449 5053 cernere
1474 4988 1650 5073 cessas,
