<?xml version="1.0" encoding="UTF-8"?>
<!DOCTYPE html PUBLIC "-//W3C//DTD XHTML 1.0 Transitional//EN"
    "http://www.w3.org/TR/xhtml1/DTD/xhtml1-transitional.dtd">
<html xmlns="http://www.w3.org/1999/xhtml" xml:lang="en" lang="en">
 <head>
  <title>
</title>
<meta http-equiv="Content-Type" content="text/html;charset=utf-8" />
  <meta name='ocr-system' content='tesseract 3.04.00' />
  <meta name='ocr-capabilities' content='ocr_page ocr_carea ocr_par ocr_line ocrx_word'/>
</head>
<body>
  <div class='ocr_page' id='page_1' title='image "./tlucretiicaride01carugoog_0109.png"; bbox 0 0 4432 5984; ppageno 0'>
   <div class='ocr_carea' id='block_1_1' title="bbox 367 304 1500 401">
    <p class='ocr_par' dir='ltr' id='par_1_1' title="bbox 367 304 1500 401">
     <span class='ocr_line' id='line_1_1' title="bbox 367 304 1500 401; baseline -0.002 -2"><span class='ocrx_word' id='word_1_1' title='bbox 367 308 468 401; x_wconf 89' lang='grc'><strong>100</strong></span> <span class='ocrx_word' id='word_1_2' title='bbox 673 307 734 395; x_wconf 85' lang='grc' dir='ltr'><strong>Τ.</strong></span> <span class='ocrx_word' id='word_1_3' title='bbox 799 304 1228 397; x_wconf 88' lang='lat' dir='ltr'><strong>LUCRETII</strong></span> <span class='ocrx_word' id='word_1_4' title='bbox 1291 304 1500 401; x_wconf 85' lang='lat' dir='ltr'>CARI</span> 
     </span>
    </p>
   </div>
   <div class='ocr_carea' id='block_1_2' title="bbox 360 563 1892 2975">
    <p class='ocr_par' dir='ltr' id='par_1_2' title="bbox 360 563 1892 2975">
     <span class='ocr_line' id='line_1_2' title="bbox 361 563 1892 701; baseline -0.002 -30"><span class='ocrx_word' id='word_1_5' title='bbox 361 566 415 671; x_wconf 94' lang='lat' dir='ltr'>N</span> <span class='ocrx_word' id='word_1_6' title='bbox 420 608 476 670; x_wconf 89' lang='lat' dir='ltr'><strong>ec</strong></span> <span class='ocrx_word' id='word_1_7' title='bbox 501 587 692 667; x_wconf 88' lang='lat' dir='ltr'><strong>tactum</strong></span> <span class='ocrx_word' id='word_1_8' title='bbox 716 598 870 701; x_wconf 90' lang='lat' dir='ltr'><strong>porro</strong></span> <span class='ocrx_word' id='word_1_9' title='bbox 894 563 1002 662; x_wconf 91' lang='lat' dir='ltr'><strong>sine</strong></span> <span class='ocrx_word' id='word_1_10' title='bbox 1027 564 1265 701; x_wconf 89' lang='lat' dir='ltr'><strong>corpore)</strong></span> <span class='ocrx_word' id='word_1_11' title='bbox 1291 602 1461 666; x_wconf 90' lang='lat' dir='ltr'><strong>nonne</strong></span> <span class='ocrx_word' id='word_1_12' title='bbox 1484 564 1768 667; x_wconf 86' lang='lat' dir='ltr'><strong>fatendum</strong></span> <span class='ocrx_word' id='word_1_13' title='bbox 1800 588 1892 667; x_wconf 87' lang='lat' dir='ltr'><strong>est</strong></span> 
     </span>
     <span class='ocr_line' id='line_1_3' title="bbox 364 736 1745 883; baseline -0.004 -35"><span class='ocrx_word' id='word_1_14' title='bbox 364 744 628 883; x_wconf 86' lang='lat' dir='ltr'><strong>Corporea</strong></span> <span class='ocrx_word' id='word_1_15' title='bbox 651 761 836 839; x_wconf 86' lang='lat' dir='ltr'><strong>natura</strong></span> <span class='ocrx_word' id='word_1_16' title='bbox 859 736 1084 835; x_wconf 89' lang='lat' dir='ltr'><strong>animum</strong></span> <span class='ocrx_word' id='word_1_17' title='bbox 1104 758 1349 857; x_wconf 83' lang='lat' dir='ltr'><strong>constare,</strong></span> <span class='ocrx_word' id='word_1_18' title='bbox 1376 739 1745 880; x_wconf 68' lang='lat' dir='ltr'><strong>animamque!</strong></span> 
     </span>
     <span class='ocr_line' id='line_1_4' title="bbox 430 908 1672 1051; baseline -0.002 -31"><span class='ocrx_word' id='word_1_19' title='bbox 430 918 685 1021; x_wconf 88' lang='lat' dir='ltr'><strong>Praeterea</strong></span> <span class='ocrx_word' id='word_1_20' title='bbox 707 912 899 1051; x_wconf 89' lang='lat' dir='ltr'><strong>pariter</strong></span> <span class='ocrx_word' id='word_1_21' title='bbox 922 908 1068 1048; x_wconf 87' lang='lat' dir='ltr'><strong>fungi</strong></span> <span class='ocrx_word' id='word_1_22' title='bbox 1094 949 1210 1010; x_wconf 90' lang='lat' dir='ltr'><strong>cum</strong></span> <span class='ocrx_word' id='word_1_23' title='bbox 1236 949 1462 1049; x_wconf 89' lang='lat' dir='ltr'><strong>corpore,</strong></span> <span class='ocrx_word' id='word_1_24' title='bbox 1490 940 1542 1016; x_wconf 92' lang='lat' dir='ltr'><strong>et</strong></span> <span class='ocrx_word' id='word_1_25' title='bbox 1565 954 1672 1018; x_wconf 85' lang='lat' dir='ltr'><strong>una</strong></span> 
     </span>
     <span class='ocr_line' id='line_1_5' title="bbox 364 1086 1605 1225; baseline -0.003 -29"><span class='ocrx_word' id='word_1_26' title='bbox 364 1092 663 1196; x_wconf 84' lang='lat' dir='ltr'><strong>Consentire</strong></span> <span class='ocrx_word' id='word_1_27' title='bbox 689 1087 915 1187; x_wconf 90' lang='lat' dir='ltr'><strong>animum</strong></span> <span class='ocrx_word' id='word_1_28' title='bbox 941 1086 1087 1186; x_wconf 92' lang='lat' dir='ltr'><strong>nobis</strong></span> <span class='ocrx_word' id='word_1_29' title='bbox 1113 1087 1164 1186; x_wconf 91' lang='lat' dir='ltr'><strong>in</strong></span> <span class='ocrx_word' id='word_1_30' title='bbox 1191 1125 1401 1225; x_wconf 89' lang='lat' dir='ltr'><strong>corpore</strong></span> <span class='ocrx_word' id='word_1_31' title='bbox 1428 1090 1605 1193; x_wconf 84' lang='lat' dir='ltr'><strong>cernis.</strong></span> 
     </span>
     <span class='ocr_line' id='line_1_6' title="bbox 363 1260 1466 1370; baseline -0.008 0"><span class='ocrx_word' id='word_1_32' title='bbox 363 1268 416 1370; x_wconf 85' lang='lat' dir='ltr'><strong>Si</strong></span> <span class='ocrx_word' id='word_1_33' title='bbox 444 1269 609 1368; x_wconf 91' lang='lat' dir='ltr'><strong>minus</strong></span> <span class='ocrx_word' id='word_1_34' title='bbox 633 1260 848 1364; x_wconf 87' lang='lat' dir='ltr'><strong>offendit</strong></span> <span class='ocrx_word' id='word_1_35' title='bbox 870 1264 1024 1363; x_wconf 88' lang='lat' dir='ltr'><strong>vitam</strong></span> <span class='ocrx_word' id='word_1_36' title='bbox 1050 1264 1123 1363; x_wconf 93' lang='lat' dir='ltr'><strong>vis</strong></span> <span class='ocrx_word' id='word_1_37' title='bbox 1148 1261 1354 1362; x_wconf 86' lang='lat' dir='ltr'><strong>horrida</strong></span> <span class='ocrx_word' id='word_1_38' title='bbox 1377 1263 1466 1362; x_wconf 92' lang='lat' dir='ltr'><strong>teli</strong></span> 
     </span>
     <span class='ocr_line' id='line_1_7' title="bbox 363 1436 1474 1553; baseline -0.009 -9"><span class='ocrx_word' id='word_1_39' title='bbox 363 1439 579 1544; x_wconf 85' lang='lat' dir='ltr'><strong>Ossibus</strong></span> <span class='ocrx_word' id='word_1_40' title='bbox 605 1476 661 1538; x_wconf 86' lang='lat' dir='ltr'><strong>ac</strong></span> <span class='ocrx_word' id='word_1_41' title='bbox 688 1436 852 1535; x_wconf 87' lang='lat' dir='ltr'><strong>nervis</strong></span> <span class='ocrx_word' id='word_1_42' title='bbox 871 1437 1101 1538; x_wconf 86' lang='lat' dir='ltr'><strong>disclusis</strong></span> <span class='ocrx_word' id='word_1_43' title='bbox 1125 1436 1262 1536; x_wconf 92' lang='lat' dir='ltr'><strong>intus</strong></span> <span class='ocrx_word' id='word_1_44' title='bbox 1281 1436 1474 1553; x_wconf 89' lang='lat' dir='ltr'><strong>adacta,</strong></span> 
     </span>
     <span class='ocr_line' id='line_1_8' title="bbox 360 1609 1669 1748; baseline -0.003 -30"><span class='ocrx_word' id='word_1_45' title='bbox 360 1620 599 1718; x_wconf 76' lang='lat' dir='ltr'><strong>Attamen</strong></span> <span class='ocrx_word' id='word_1_46' title='bbox 628 1611 915 1747; x_wconf 83' lang='lat' dir='ltr'><strong>insequitur</strong></span> <span class='ocrx_word' id='word_1_47' title='bbox 938 1609 1171 1747; x_wconf 84' lang='lat' dir='ltr'><strong>languor,</strong></span> <span class='ocrx_word' id='word_1_48' title='bbox 1198 1633 1451 1748; x_wconf 74' lang='lat' dir='ltr'><strong>terraeque</strong></span> <span class='ocrx_word' id='word_1_49' title='bbox 1476 1610 1669 1748; x_wconf 87' lang='lat' dir='ltr'><strong>petitus</strong></span> 
     </span>
     <span class='ocr_line' id='line_1_9' title="bbox 363 1784 1646 1922; baseline -0.004 -32"><span class='ocrx_word' id='word_1_50' title='bbox 363 1790 558 1907; x_wconf 79' lang='lat' dir='ltr'><strong>Suavis,</strong></span> <span class='ocrx_word' id='word_1_51' title='bbox 586 1784 712 1884; x_wconf 88' lang='lat' dir='ltr'><strong>etin</strong></span> <span class='ocrx_word' id='word_1_52' title='bbox 740 1804 876 1881; x_wconf 86' lang='lat' dir='ltr'><strong>terra</strong></span> <span class='ocrx_word' id='word_1_53' title='bbox 900 1784 1082 1883; x_wconf 91' lang='lat' dir='ltr'><strong>mentis</strong></span> <span class='ocrx_word' id='word_1_54' title='bbox 1108 1784 1196 1922; x_wconf 92' lang='lat' dir='ltr'><strong>qui</strong></span> <span class='ocrx_word' id='word_1_55' title='bbox 1225 1784 1456 1921; x_wconf 83' lang='lat' dir='ltr'><strong>gignitur</strong></span> <span class='ocrx_word' id='word_1_56' title='bbox 1479 1807 1646 1905; x_wconf 85' lang='lat' dir='ltr'><strong>aestus,</strong></span> 
     </span>
     <span class='ocr_line' id='line_1_10' title="bbox 361 1957 1834 2097; baseline -0.001 -34"><span class='ocrx_word' id='word_1_57' title='bbox 361 1962 731 2097; x_wconf 84' lang='lat' dir='ltr'><strong>Interdumque</strong></span> <span class='ocrx_word' id='word_1_58' title='bbox 759 1958 905 2095; x_wconf 85' lang='lat' dir='ltr'><strong>quasi</strong></span> <span class='ocrx_word' id='word_1_59' title='bbox 931 1957 1239 2093; x_wconf 83' lang='lat' dir='ltr'><strong>exsurgendi</strong></span> <span class='ocrx_word' id='word_1_60' title='bbox 1265 1959 1457 2057; x_wconf 89' lang='lat' dir='ltr'><strong>incerta</strong></span> <span class='ocrx_word' id='word_1_61' title='bbox 1480 1959 1733 2063; x_wconf 85' lang='lat' dir='ltr'><strong>voluntas.</strong></span> <span class='ocrx_word' id='word_1_62' title='bbox 1827 2084 1834 2095; x_wconf 32' lang='grc'><strong>,</strong></span> 
     </span>
     <span class='ocr_line' id='line_1_11' title="bbox 362 2132 1764 2278; baseline -0.004 -38"><span class='ocrx_word' id='word_1_63' title='bbox 362 2139 501 2278; x_wconf 86' lang='lat' dir='ltr'><strong>Ergo</strong></span> <span class='ocrx_word' id='word_1_64' title='bbox 526 2172 823 2274; x_wconf 88' lang='lat' dir='ltr'><strong>corpoream</strong></span> <span class='ocrx_word' id='word_1_65' title='bbox 850 2156 1083 2233; x_wconf 88' lang='lat' dir='ltr'><strong>naturam</strong></span> <span class='ocrx_word' id='word_1_66' title='bbox 1110 2132 1264 2232; x_wconf 88' lang='lat' dir='ltr'><strong>animi</strong></span> <span class='ocrx_word' id='word_1_67' title='bbox 1289 2170 1394 2231; x_wconf 88' lang='lat' dir='ltr'><strong>esse</strong></span> <span class='ocrx_word' id='word_1_68' title='bbox 1420 2171 1619 2234; x_wconf 84' lang='lat' dir='ltr'><strong>necesse</strong></span> <span class='ocrx_word' id='word_1_69' title='bbox 1644 2158 1764 2262; x_wconf 89' lang='lat' dir='ltr'><strong>est;</strong></span> 
     </span>
     <span class='ocr_line' id='line_1_12' title="bbox 362 2307 1525 2453; baseline -0.007 -35"><span class='ocrx_word' id='word_1_70' title='bbox 362 2315 631 2453; x_wconf 88' lang='lat' dir='ltr'><strong>Corporeis</strong></span> <span class='ocrx_word' id='word_1_71' title='bbox 658 2310 899 2449; x_wconf 86' lang='lat' dir='ltr'><strong>quoniam</strong></span> <span class='ocrx_word' id='word_1_72' title='bbox 924 2307 1054 2427; x_wconf 90' lang='lat' dir='ltr'><strong>telis,</strong></span> <span class='ocrx_word' id='word_1_73' title='bbox 1081 2310 1290 2447; x_wconf 88' lang='lat' dir='ltr'><strong>ictuque</strong></span> <span class='ocrx_word' id='word_1_74' title='bbox 1316 2307 1525 2411; x_wconf 84' lang='lat' dir='ltr'><strong>laborat.</strong></span> 
     </span>
     <span class='ocr_line' id='line_1_13' title="bbox 429 2482 1732 2620; baseline -0.004 -30"><span class='ocrx_word' id='word_1_75' title='bbox 429 2489 480 2590; x_wconf 91' lang='lat' dir='ltr'><strong>ls</strong></span> <span class='ocrx_word' id='word_1_76' title='bbox 507 2487 599 2588; x_wconf 89' lang='lat' dir='ltr'><strong>tibi</strong></span> <span class='ocrx_word' id='word_1_77' title='bbox 626 2523 761 2586; x_wconf 90' lang='lat' dir='ltr'><strong>nnnc</strong></span> <span class='ocrx_word' id='word_1_78' title='bbox 788 2483 985 2581; x_wconf 88' lang='lat' dir='ltr'><strong>animus</strong></span> <span class='ocrx_word' id='word_1_79' title='bbox 1011 2482 1151 2620; x_wconf 89' lang='lat' dir='ltr'><strong>quali</strong></span> <span class='ocrx_word' id='word_1_80' title='bbox 1172 2483 1237 2581; x_wconf 90' lang='lat' dir='ltr'><strong>sit</strong></span> <span class='ocrx_word' id='word_1_81' title='bbox 1260 2518 1486 2619; x_wconf 84' lang='lat' dir='ltr'><strong>corpore,</strong></span> <span class='ocrx_word' id='word_1_82' title='bbox 1513 2503 1566 2582; x_wconf 92' lang='lat' dir='ltr'><strong>et</strong></span> <span class='ocrx_word' id='word_1_83' title='bbox 1589 2482 1732 2585; x_wconf 89' lang='lat' dir='ltr'><strong>unde</strong></span> 
     </span>
     <span class='ocr_line' id='line_1_14' title="bbox 362 2656 1612 2796; baseline -0.006 -30"><span class='ocrx_word' id='word_1_84' title='bbox 362 2664 536 2766; x_wconf 84' lang='lat' dir='ltr'><strong>Consti</strong></span> <span class='ocrx_word' id='word_1_85' title='bbox 546 2662 676 2779; x_wconf 85' lang='lat' dir='ltr'><strong>terit,</strong></span> <span class='ocrx_word' id='word_1_86' title='bbox 703 2694 914 2796; x_wconf 84' lang='lat' dir='ltr'><strong>pergam</strong></span> <span class='ocrx_word' id='word_1_87' title='bbox 939 2658 1185 2755; x_wconf 87' lang='lat' dir='ltr'><strong>rationem</strong></span> <span class='ocrx_word' id='word_1_88' title='bbox 1212 2656 1424 2756; x_wconf 88' lang='lat' dir='ltr'><strong>reddere</strong></span> <span class='ocrx_word' id='word_1_89' title='bbox 1450 2656 1612 2758; x_wconf 90' lang='lat' dir='ltr'><strong>dictis.</strong></span> 
     </span>
     <span class='ocr_line' id='line_1_15' title="bbox 360 2828 1621 2975; baseline -0.006 -36"><span class='ocrx_word' id='word_1_90' title='bbox 360 2839 749 2975; x_wconf 85' lang='lat' dir='ltr'><strong>Principioesse</strong></span> <span class='ocrx_word' id='word_1_91' title='bbox 775 2833 854 2969; x_wconf 89' lang='lat' dir='ltr'><strong>ajo</strong></span> <span class='ocrx_word' id='word_1_92' title='bbox 881 2828 1208 2967; x_wconf 90' lang='lat' dir='ltr'><strong>persubtilem</strong></span> <span class='ocrx_word' id='word_1_93' title='bbox 1235 2851 1388 2967; x_wconf 89' lang='lat' dir='ltr'><strong>atque</strong></span> <span class='ocrx_word' id='word_1_94' title='bbox 1414 2831 1621 2931; x_wconf 91' lang='lat' dir='ltr'><strong>minutis</strong></span> 
     </span>
    </p>
   </div>
   <div class='ocr_carea' id='block_1_3' title="bbox 302 2988 1776 3150">
    <p class='ocr_par' dir='ltr' id='par_1_3' title="bbox 302 2988 1776 3150">
     <span class='ocr_line' id='line_1_16' title="bbox 302 2988 1776 3150; baseline -0.001 -37"><span class='ocrx_word' id='word_1_95' title='bbox 302 3018 308 3031; x_wconf 84' lang='grc'><strong>’</strong></span> <span class='ocrx_word' id='word_1_96' title='bbox 360 2988 616 3150; x_wconf 84' lang='lat' dir='ltr'><strong>Perquam</strong></span> <span class='ocrx_word' id='word_1_97' title='bbox 643 3004 936 3146; x_wconf 89' lang='lat' dir='ltr'><strong>corporibus</strong></span> <span class='ocrx_word' id='word_1_98' title='bbox 960 3002 1148 3103; x_wconf 84' lang='lat' dir='ltr'><strong>factum</strong></span> <span class='ocrx_word' id='word_1_99' title='bbox 1176 3028 1429 3105; x_wconf 83' lang='lat' dir='ltr'><strong>constare:</strong></span> <span class='ocrx_word' id='word_1_100' title='bbox 1470 3006 1522 3111; x_wconf 89' lang='lat' dir='ltr'><strong>id</strong></span> <span class='ocrx_word' id='word_1_101' title='bbox 1549 3008 1619 3107; x_wconf 89' lang='lat' dir='ltr'><strong>ita</strong></span> <span class='ocrx_word' id='word_1_102' title='bbox 1642 3046 1776 3133; x_wconf 91' lang='lat' dir='ltr'><strong>esse,</strong></span> 
     </span>
    </p>
   </div>
   <div class='ocr_carea' id='block_1_4' title="bbox 361 3172 1847 5044">
    <p class='ocr_par' dir='ltr' id='par_1_4' title="bbox 362 3172 1847 3475">
     <span class='ocr_line' id='line_1_17' title="bbox 362 3172 1847 3321; baseline -0.001 -32"><span class='ocrx_word' id='word_1_103' title='bbox 362 3189 499 3289; x_wconf 92' lang='lat' dir='ltr'><strong>Hinc</strong></span> <span class='ocrx_word' id='word_1_104' title='bbox 524 3188 643 3287; x_wconf 90' lang='lat' dir='ltr'><strong>licet</strong></span> <span class='ocrx_word' id='word_1_105' title='bbox 668 3184 898 3283; x_wconf 89' lang='lat' dir='ltr'><strong>advertas</strong></span> <span class='ocrx_word' id='word_1_106' title='bbox 923 3181 1164 3299; x_wconf 89' lang='lat' dir='ltr'><strong>animum,</strong></span> <span class='ocrx_word' id='word_1_107' title='bbox 1192 3203 1251 3279; x_wconf 93' lang='lat' dir='ltr'><strong>ut</strong></span> <span class='ocrx_word' id='word_1_108' title='bbox 1274 3217 1573 3315; x_wconf 87' lang='lat' dir='ltr'><strong>pernoscere</strong></span> <span class='ocrx_word' id='word_1_109' title='bbox 1598 3186 1798 3321; x_wconf 72' lang='lat' dir='ltr'><strong>possis,</strong></span> <span class='ocrx_word' id='word_1_110' title='bbox 1843 3172 1847 3177; x_wconf 34' lang='lat'>¹</span> 
     </span>
     <span class='ocr_line' id='line_1_18' title="bbox 362 3356 1379 3475; baseline -0.008 -12"><span class='ocrx_word' id='word_1_111' title='bbox 362 3360 451 3463; x_wconf 85' lang='lat' dir='ltr'><strong>Nil</strong></span> <span class='ocrx_word' id='word_1_112' title='bbox 481 3362 607 3461; x_wconf 88' lang='lat' dir='ltr'><strong>adeo</strong></span> <span class='ocrx_word' id='word_1_113' title='bbox 633 3360 740 3459; x_wconf 88' lang='lat' dir='ltr'><strong>fieri</strong></span> <span class='ocrx_word' id='word_1_114' title='bbox 768 3360 916 3458; x_wconf 90' lang='lat' dir='ltr'><strong>celeri</strong></span> <span class='ocrx_word' id='word_1_115' title='bbox 942 3359 1136 3458; x_wconf 90' lang='lat' dir='ltr'><strong>ratione</strong></span> <span class='ocrx_word' id='word_1_116' title='bbox 1160 3356 1379 3475; x_wconf 92' lang='lat' dir='ltr'><strong>videtur,</strong></span> 
     </span>
    </p>

    <p class='ocr_par' dir='ltr' id='par_1_5' title="bbox 361 3528 1773 5044">
     <span class='ocr_line' id='line_1_19' title="bbox 363 3528 1644 3668; baseline -0.002 -32"><span class='ocrx_word' id='word_1_117' title='bbox 363 3535 530 3656; x_wconf 84' lang='lat' dir='ltr'><strong>Quam</strong></span> <span class='ocrx_word' id='word_1_118' title='bbox 559 3537 599 3633; x_wconf 92' lang='lat' dir='ltr'><strong>si</strong></span> <span class='ocrx_word' id='word_1_119' title='bbox 625 3572 766 3632; x_wconf 89' lang='lat' dir='ltr'><strong>mens</strong></span> <span class='ocrx_word' id='word_1_120' title='bbox 790 3533 900 3633; x_wconf 84' lang='lat' dir='ltr'><strong>fieri</strong></span> <span class='ocrx_word' id='word_1_121' title='bbox 926 3530 1182 3668; x_wconf 89' lang='lat' dir='ltr'><strong>proponit,</strong></span> <span class='ocrx_word' id='word_1_122' title='bbox 1204 3552 1256 3628; x_wconf 91' lang='lat' dir='ltr'><strong>et</strong></span> <span class='ocrx_word' id='word_1_123' title='bbox 1280 3528 1482 3629; x_wconf 90' lang='lat' dir='ltr'><strong>inchoat</strong></span> <span class='ocrx_word' id='word_1_124' title='bbox 1506 3531 1644 3668; x_wconf 87' lang='lat' dir='ltr'><strong>ipsa:</strong></span> 
     </span>
     <span class='ocr_line' id='line_1_20' title="bbox 363 3707 1621 3844; baseline 0 -34"><span class='ocrx_word' id='word_1_125' title='bbox 363 3707 522 3811; x_wconf 90' lang='lat' dir='ltr'><strong>Ocius</strong></span> <span class='ocrx_word' id='word_1_126' title='bbox 549 3746 671 3844; x_wconf 86' lang='lat' dir='ltr'><strong>ergo</strong></span> <span class='ocrx_word' id='word_1_127' title='bbox 697 3707 912 3824; x_wconf 90' lang='lat' dir='ltr'><strong>animus,</strong></span> <span class='ocrx_word' id='word_1_128' title='bbox 941 3744 1096 3843; x_wconf 90' lang='lat' dir='ltr'><strong>quam</strong></span> <span class='ocrx_word' id='word_1_129' title='bbox 1123 3743 1201 3805; x_wconf 88' lang='lat' dir='ltr'><strong>res</strong></span> <span class='ocrx_word' id='word_1_130' title='bbox 1227 3744 1278 3804; x_wconf 92' lang='lat' dir='ltr'><strong>se</strong></span> <span class='ocrx_word' id='word_1_131' title='bbox 1303 3710 1490 3843; x_wconf 90' lang='lat' dir='ltr'><strong>perciet</strong></span> <span class='ocrx_word' id='word_1_132' title='bbox 1514 3710 1621 3810; x_wconf 85' lang='lat' dir='ltr'><strong>ulla</strong></span> 
     </span>
     <span class='ocr_line' id='line_1_21' title="bbox 361 3880 1720 4015; baseline 0.004 -33"><span class='ocrx_word' id='word_1_133' title='bbox 361 3885 496 3983; x_wconf 86' lang='lat' dir='ltr'><strong>Ante</strong></span> <span class='ocrx_word' id='word_1_134' title='bbox 521 3880 691 3980; x_wconf 89' lang='lat' dir='ltr'><strong>oculos</strong></span> <span class='ocrx_word' id='word_1_135' title='bbox 719 3916 935 4015; x_wconf 83' lang='lat' dir='ltr'><strong>quarum</strong></span> <span class='ocrx_word' id='word_1_136' title='bbox 962 3880 1012 3976; x_wconf 91' lang='lat' dir='ltr'><strong>in</strong></span> <span class='ocrx_word' id='word_1_137' title='bbox 1041 3902 1279 4015; x_wconf 88' lang='lat' dir='ltr'><strong>promptu</strong></span> <span class='ocrx_word' id='word_1_138' title='bbox 1307 3904 1487 3983; x_wconf 85' lang='lat' dir='ltr'><strong>natura</strong></span> <span class='ocrx_word' id='word_1_139' title='bbox 1503 3884 1720 3988; x_wconf 86' lang='lat' dir='ltr'><strong>videtur.</strong></span> 
     </span>
     <span class='ocr_line' id='line_1_22' title="bbox 362 4050 1727 4193; baseline 0.001 -38"><span class='ocrx_word' id='word_1_140' title='bbox 362 4056 434 4155; x_wconf 88' lang='lat' dir='ltr'><strong>At</strong></span> <span class='ocrx_word' id='word_1_141' title='bbox 459 4053 594 4193; x_wconf 92' lang='lat' dir='ltr'><strong>quod</strong></span> <span class='ocrx_word' id='word_1_142' title='bbox 625 4050 808 4151; x_wconf 89' lang='lat' dir='ltr'><strong>mobile</strong></span> <span class='ocrx_word' id='word_1_143' title='bbox 835 4073 1100 4186; x_wconf 85' lang='lat' dir='ltr'><strong>tantopere</strong></span> <span class='ocrx_word' id='word_1_144' title='bbox 1125 4074 1215 4170; x_wconf 89' lang='lat' dir='ltr'><strong>est,</strong></span> <span class='ocrx_word' id='word_1_145' title='bbox 1244 4074 1469 4152; x_wconf 87' lang='lat' dir='ltr'><strong>constane</strong></span> <span class='ocrx_word' id='word_1_146' title='bbox 1495 4055 1727 4157; x_wconf 88' lang='lat' dir='ltr'><strong>rotundis</strong></span> 
     </span>
     <span class='ocr_line' id='line_1_23' title="bbox 364 4223 1732 4365; baseline 0.001 -36"><span class='ocrx_word' id='word_1_147' title='bbox 364 4228 620 4365; x_wconf 87' lang='lat' dir='ltr'><strong>Perqnam</strong></span> <span class='ocrx_word' id='word_1_148' title='bbox 648 4223 923 4324; x_wconf 91' lang='lat' dir='ltr'><strong>seminibus</strong></span> <span class='ocrx_word' id='word_1_149' title='bbox 949 4224 1103 4324; x_wconf 88' lang='lat' dir='ltr'><strong>debet</strong></span> <span class='ocrx_word' id='word_1_150' title='bbox 1130 4262 1481 4365; x_wconf 89' lang='lat' dir='ltr'><strong>perquamque</strong></span> <span class='ocrx_word' id='word_1_151' title='bbox 1508 4230 1732 4352; x_wconf 88' lang='lat' dir='ltr'><strong>minutis,</strong></span> 
     </span>
     <span class='ocr_line' id='line_1_24' title="bbox 364 4399 1546 4536; baseline 0.003 -36"><span class='ocrx_word' id='word_1_152' title='bbox 364 4399 592 4500; x_wconf 91' lang='lat' dir='ltr'><strong>Momine</strong></span> <span class='ocrx_word' id='word_1_153' title='bbox 611 4399 684 4496; x_wconf 90' lang='lat' dir='ltr'><strong>uti</strong></span> <span class='ocrx_word' id='word_1_154' title='bbox 711 4435 866 4535; x_wconf 88' lang='lat' dir='ltr'><strong>parvo</strong></span> <span class='ocrx_word' id='word_1_155' title='bbox 893 4400 1085 4535; x_wconf 89' lang='lat' dir='ltr'><strong>possint</strong></span> <span class='ocrx_word' id='word_1_156' title='bbox 1107 4400 1324 4536; x_wconf 86' lang='lat' dir='ltr'><strong>impulsa</strong></span> <span class='ocrx_word' id='word_1_157' title='bbox 1343 4405 1546 4505; x_wconf 87' lang='lat' dir='ltr'><strong>moveri.</strong></span> 
     </span>
     <span class='ocr_line' id='line_1_25' title="bbox 365 4570 1773 4711; baseline 0.004 -38"><span class='ocrx_word' id='word_1_158' title='bbox 365 4570 607 4711; x_wconf 90' lang='lat' dir='ltr'><strong>Namque</strong></span> <span class='ocrx_word' id='word_1_159' title='bbox 633 4592 862 4670; x_wconf 89' lang='lat' dir='ltr'><strong>movetur</strong></span> <span class='ocrx_word' id='word_1_160' title='bbox 885 4609 1035 4709; x_wconf 86' lang='lat' dir='ltr'><strong>aqna,</strong></span> <span class='ocrx_word' id='word_1_161' title='bbox 1063 4594 1114 4669; x_wconf 94' lang='lat' dir='ltr'><strong>et</strong></span> <span class='ocrx_word' id='word_1_162' title='bbox 1131 4572 1332 4674; x_wconf 90' lang='lat' dir='ltr'><strong>tantillo</strong></span> <span class='ocrx_word' id='word_1_163' title='bbox 1359 4578 1578 4677; x_wconf 91' lang='lat' dir='ltr'><strong>momine</strong></span> <span class='ocrx_word' id='word_1_164' title='bbox 1604 4580 1773 4701; x_wconf 87' lang='lat' dir='ltr'><strong>ssutat,</strong></span> 
     </span>
     <span class='ocr_line' id='line_1_26' title="bbox 366 4742 1754 4887; baseline 0.008 -43"><span class='ocrx_word' id='word_1_165' title='bbox 366 4744 575 4882; x_wconf 84' lang='lat' dir='ltr'><strong>Quippe</strong></span> <span class='ocrx_word' id='word_1_166' title='bbox 601 4742 908 4844; x_wconf 91' lang='lat' dir='ltr'><strong>volubilibus</strong></span> <span class='ocrx_word' id='word_1_167' title='bbox 934 4749 1203 4881; x_wconf 89' lang='lat' dir='ltr'><strong>parvisque</strong></span> <span class='ocrx_word' id='word_1_168' title='bbox 1230 4770 1397 4847; x_wconf 87' lang='lat' dir='ltr'><strong>creata</strong></span> <span class='ocrx_word' id='word_1_169' title='bbox 1420 4748 1628 4887; x_wconf 85' lang='lat' dir='ltr'><strong>figuris:</strong></span> <span class='ocrx_word' id='word_1_170' title='bbox 1751 4850 1754 4855; x_wconf 86' lang='lat'>.</span> 
     </span>
     <span class='ocr_line' id='line_1_27' title="bbox 364 4916 1476 5044; baseline 0.002 -26"><span class='ocrx_word' id='word_1_171' title='bbox 364 4920 435 5018; x_wconf 87' lang='lat' dir='ltr'><strong>At</strong></span> <span class='ocrx_word' id='word_1_172' title='bbox 459 4938 637 5017; x_wconf 88' lang='lat' dir='ltr'><strong>contra</strong></span> <span class='ocrx_word' id='word_1_173' title='bbox 661 4917 822 5017; x_wconf 90' lang='lat' dir='ltr'><strong>mellis</strong></span> <span class='ocrx_word' id='word_1_174' title='bbox 850 4916 1156 5017; x_wconf 88' lang='lat' dir='ltr'><strong>constantior</strong></span> <span class='ocrx_word' id='word_1_175' title='bbox 1180 4939 1257 5016; x_wconf 91' lang='lat' dir='ltr'><strong>est</strong></span> <span class='ocrx_word' id='word_1_176' title='bbox 1281 4943 1476 5044; x_wconf 88' lang='lat' dir='ltr'><strong>natura,</strong></span> 
     </span>
    </p>
   </div>
   <div class='ocr_carea' id='block_1_5' title="bbox 0 0 2226 5984">
    <p class='ocr_par' dir='ltr' id='par_1_6' title="bbox 0 0 2226 5984">
     <span class='ocr_line' id='line_1_28' title="bbox 0 0 2226 5984; baseline 0 0"><span class='ocrx_word' id='word_1_177' title='bbox 0 0 2226 5984; x_wconf 95' lang='lat' dir='ltr'><strong> </strong></span> 
     </span>
    </p>
   </div>
  </div>
 </body>
</html>
