4432 5984
656 399 930 488 traua
994 350 1404 492 colurus.
1689 394 1790 486 aaa

365 652 437 754 E't
459 677 621 793 g'enns
648 655 927 757 humanum
954 654 1240 755 multo'fuit
1264 653 1389 754 illud
1421 655 1472 752 in
1500 653 1630 753 arvis

295 825 512 949 Durius,
535 853 593 929 ut
620 830 806 952 decuit,
833 831 983 930 tellus
1011 829 1149 968 quod
1178 831 1307 930 dura
1332 831 1575 953 crebsset3

294 1001 363 1103 Et
388 1006 663 1144 majoribus
688 1030 740 1106 et
766 1003 936 1106 solidis
962 1004 1121 1139 magis
1148 1001 1341 1103 ossibus
1367 1005 1504 1102 intus

294 1173 603 1300 Fundatum,
627 1202 678 1279 et
695 1177 873 1280 validis
900 1200 1085 1313 aptum
1104 1214 1197 1313 per
1220 1178 1411 1277 viscera
1439 1175 1631 1300 nervis,

294 1347 408 1454 Nec
434 1352 579 1454 facile
605 1394 669 1454 ex
696 1377 837 1473 aestu,
865 1391 957 1453 nee
983 1353 1169 1488 frigore
1196 1351 1333 1489 quod
1363 1373 1644 1487 caperetur,

293 1522 406 1626 Nec
432 1530 652 1630 novitate
679 1528 779 1630 cibi
806 1567 897 1627 nec
922 1525 1026 1625 labi
1052 1529 1274 1661 corporis
1300 1527 1432 1627 ulla:

293 1696 565 1840 Multaque
590 1742 683 1840 per
708 1704 888 1804 coelum
916 1701 1032 1801 solis
1057 1700 1308 1799 volventia
1335 1702 1492 1801 lustra

289 1871 573 2014 Volgivago
599 1880 751 1977 vitam
776 1875 1064 1978 tractabant
1088 1913 1226 1974 more
1246 1875 1483 1979 ferarum.

292 2045 345 2148 N
350 2088 406 2151 ec
431 2049 667 2150 robustus
694 2073 802 2151 erat
826 2051 964 2150 curvi
990 2049 1277 2151 moderator
1302 2056 1453 2152 aratri

291 2219 594 2363 Quisquam,
621 2265 715 2325 nec
741 2224 900 2325 scibat
925 2223 1057 2323 ferro
1084 2225 1306 2325 molirier
1330 2266 1476 2351 arva3

290 2393 404 2497 Nec
430 2436 559 2498 nova
583 2398 823 2499 defodere
848 2400 904 2498 in
927 2420 1112 2498 terram
1138 2402 1375 2538 virgulta,
1397 2440 1489 2502 nec
1516 2403 1630 2503 altis

156 2646 164 2659 ,
288 2570 573 2672 Arboribus
593 2596 785 2672 veteres
813 2570 1044 2672 decidere
1070 2572 1282 2673 falcibus
1309 2613 1487 2677 ramos.

291 2743 446 2865 Quod
473 2748 551 2846 sol
573 2771 728 2886 atque
753 2745 939 2848 imbres
966 2746 1227 2868 dederant,
1249 2749 1387 2888 quod
1416 2773 1550 2850 terra
1569 2753 1764 2853 crebrat

289 2919 482 3058 Sponte
509 2961 613 3042 sua,
642 2924 759 3022 satis
783 2922 836 3021 id
864 2920 1098 3059 placabat
1121 2944 1329 3058 pectora
1348 2922 1571 3047 donnm3

291 3091 613 3196 Glandiferas
639 3097 771 3197 inter
795 3094 1043 3196 curabant
1066 3134 1276 3232 corpora
1301 3136 1520 3234 quercus
1557 3062 1566 3075 .

287 3266 615 3408 Plerumque,
637 3294 689 3371 et
714 3261 994 3409 quaesnunc
1021 3269 1238 3372 hiberno·
1258 3296 1487 3411 tempore
1514 3278 1677 3376 cernis

286 3443 485 3547 Arbuta
511 3449 739 3585 poeniceo
765 3447 874 3546 fieri
900 3468 1096 3546 matura
1122 3447 1315 3567 colore,¹

286 3618 519 3722 Plurima.
540 3645 647 3722 tum
673 3623 824 3722 tellus
849 3623 999 3721 etiam
1026 3622 1215 3759 majora
1240 3622 1463 3724 ferebat:

288 3794 559 3936 Multaque
584 3818 835 3935 praeterea
861 3797 1054 3897 novitas
1079 3819 1188 3895 tum
1218 3796 1398 3897 florida
1424 3798 1605 3899 mundi

285 3970 481 4073 Pabula
508 3972 591 4071 dia
615 3970 749 4089 tulit,
777 3969 969 4068 miseris
994 3968 1292 4071 mortalibus
1319 3973 1502 4109 ampla.

284 4148 356 4248 At
380 4149 554 4248 sedare
582 4147 714 4246 sitim
741 4144 881 4243 fluvii
911 4142 1177 4281 fontesque
1202 4143 1478 4247 vocabant:

284 4319 356 4424 Ut
384 4361 521 4422 nunc
547 4316 804 4418 montibus
830 4357 857 4417 e
884 4318 1080 4454 magnis
1106 4317 1346 4418 decursus
1366 4329 1523 4457 aquai.

286 4493 549 4596 Claricitat
572 4493 672 4593 late
699 4491 920 4591 sitientia
945 4492 1091 4591 saecla
1115 4491 1351 4594 ferarum.

287 4666 527 4807 Denique
552 4666 804 4803 noctivagi
831 4666 1073 4765 silvestria
1092 4666 1283 4802 templa
1306 4664 1551 4769 tenebant

286 4842 666 4983 Nympharum,
697 4840 885 4979 quibus
910 4839 1120 4941 exibant
1145 4838 1356 4941 humore
1376 4843 1569 4945 fluenta

284 5016 520 5141 Lubrica,
546 5017 776 5159 proluvie
802 5015 945 5156 larga
967 5014 1134 5117 lavere
1159 5014 1371 5119 humida
1395 5026 1556 5140 saxa,
