4432 5984
362 330 459 433 168
682 338 742 426 T.
810 333 1242 425 LUCRETII
1308 329 1521 423 CARI

360 597 564 698 Scilicet
587 618 693 695 arte
721 593 926 693 madent
950 591 1230 708 simulacra,
1257 612 1310 690 et
1335 587 1484 688 docta
1507 610 1796 727 vagantur,

362 770 413 873 N
418 794 631 872 octurno
656 769 819 869 faeere
846 789 904 867 ut
928 766 1122 903 possint
1145 764 1197 864 in
1218 786 1444 900 tempore
1463 760 1642 864 ludosl

359 946 440 1045 An
469 944 628 1080 magis
654 941 779 1043 illud
806 943 903 1041 erit
924 978 1116 1059 verum,
1144 938 1266 1076 quia
1290 958 1519 1071 tempore
1545 938 1596 1039 in
1620 976 1738 1039 uno

362 1114 534 1235 Quom
560 1117 803 1215 sentimus
828 1115 897 1235 id,
926 1138 982 1214 ut
1008 1151 1162 1252 quom
1186 1150 1286 1211 vox
1311 1114 1559 1213 emittitur
1583 1154 1710 1237 una,

359 1288 613 1426 Tempora
638 1289 797 1388 multa
821 1290 996 1408 latent,
1023 1285 1150 1386 ratio
1176 1323 1293 1423 quae
1320 1290 1565 1423 comperit
1588 1326 1735 1391 esse:

361 1462 637 1601 Propterea
661 1462 734 1581 fit,
762 1463 837 1562 uti
862 1463 1041 1600 quovis
1065 1463 1115 1561 in
1143 1484 1370 1595 ternpore
1397 1498 1616 1599 qnaeque

361 1636 553 1738 Praesto
579 1638 679 1736 sint
704 1638 969 1737 simulacra
992 1635 1114 1735 locis
1140 1634 1188 1732 in
1217 1634 1464 1771 queisque
1483 1638 1694 1769 paratal
1850 1730 1854 1737 .

359 1810 526 1912 Tanta
550 1835 625 1911 est
649 1810 917 1930 mobilitas,
946 1833 997 1908 et
1021 1845 1196 1907 eorum
1222 1810 1367 1945 copia
1391 1833 1547 1915 tanta.

432 1984 500 2084 Et
525 1985 646 2124 quia
669 1984 842 2083 tenuia
867 2006 1000 2101 sunt,
1028 1982 1122 2080 nisi
1149 2020 1200 2081 se
1227 1985 1503 2105 contendit,
1529 2010 1676 2088 acute

363 2156 583 2257 Cernere
596 2195 697 2256 non
716 2158 846 2294 potis
856 2179 929 2255 est
939 2157 1156 2278 animus;
1177 2156 1388 2292 proinde
1409 2161 1722 2298 omnia,quae
1737 2188 1880 2269 sunt

361 2328 628 2449 Praeterea,
655 2352 889 2467 pereunt,
915 2329 1009 2437 nisi
1036 2366 1153 2465 quae
1178 2365 1242 2425 ex
1266 2366 1317 2426 se
1344 2330 1450 2467 ipse
1474 2335 1683 2469 paravit.

362 2486 478 2639 lpse
502 2526 649 2640 parat
674 2540 778 2601 sese
806 2537 971 2638 porro,
998 2523 1271 2638 speratque
1298 2502 1544 2625 futurum,

360 2672 436 2778 Ut
461 2677 644 2794 videat,
673 2673 809 2812 quod
838 2674 1165 2809 consequitur
1188 2712 1293 2773 rem
1320 2713 1599 2815 quamqne3
1626 2678 1687 2779 fit
1714 2718 1875 2823 ergo.

363 2848 552 2950 Nonne
576 2850 733 2969 videS,
760 2847 931 2948 oculos
950 2847 1118 2965 etiam,
1141 2884 1296 2984 quom
1316 2853 1485 2951 tenuia
1507 2890 1625 2989 quae
1644 2856 1755 2957 sint

262 3138 267 3145 ¹
364 3024 582 3125 Cernere
611 3042 893 3161 coeperunt,
921 3018 1225 3119 contendere
1252 3058 1302 3119 se
1329 3046 1482 3159 atque
1507 3063 1706 3161 parare,

364 3196 477 3298 Nec
504 3198 609 3297 sine
635 3236 697 3297 eo
723 3197 832 3295 fieri
859 3232 1004 3331 posse
1030 3216 1087 3291 ut
1112 3231 1374 3295 cernamus
1399 3201 1575 3299 acute?

363 3368 432 3471 Et
455 3393 621 3469 tamen
650 3372 701 3470 in
726 3368 879 3468 rebus
906 3406 1114 3505 quoqne
1140 3371 1326 3504 apertis
1353 3407 1555 3470 noscere
1580 3374 1770 3509 possis,

364 3545 415 3643 Si
445 3583 544 3643 non
571 3543 799 3642 advertas
824 3543 1065 3661 animum,
1094 3544 1306 3678 proinde
1332 3581 1454 3662 esse,
1482 3547 1626 3682 quasi
1645 3556 1802 3655 omni

363 3713 617 3852 Tempore
644 3739 849 3816 semotae
873 3717 1077 3838 fuerint,
1104 3719 1359 3857 longeque
1385 3740 1607 3819 remotae.

311 3920 316 3929 ·
368 3885 475 3987 Cur
499 3889 657 4027 igitur
680 3890 862 3987 mirum
888 3915 978 4011 est,
1007 3893 1201 3991 animus
1227 3892 1266 3990 si
1292 3915 1475 3992 caetera
1493 3893 1679 4028 perdit,

364 4062 558 4163 Praeter
583 4100 738 4201 quam
764 4062 951 4199 quibus
977 4089 1052 4164 est
1075 4067 1125 4165 in
1154 4067 1304 4168 rebus
1329 4068 1531 4166 deditus
1556 4068 1699 4204 ipsel

436 4236 637 4337 Deinde
663 4237 996 4372 adopinamur
1021 4239 1083 4339 de
1109 4241 1265 4377 signis
1290 4241 1509 4339 maxima
1531 4242 1741 4376 parvis;

363 4410 439 4510 Ao
465 4447 555 4509 nos
581 4410 630 4507 in
659 4408 886 4509 fraudem
913 4411 1189 4533 induimus,
1216 4413 1518 4514 frustramur
1540 4435 1592 4513 et
1614 4415 1742 4553 ipsi.

435 4584 518 4685 Fit
542 4622 748 4723 quoque
774 4608 833 4685 ut
857 4583 1117 4684 interdum
1143 4623 1244 4684 non
1272 4586 1626 4724 suppeditetur
1651 4590 1874 4741 imago„

366 4758 607 4897 Ejusdem
633 4760 848 4897 generis,
877 4757 964 4857 sed
991 4757 1197 4857 foemina
1219 4798 1339 4897 ,qnae
1367 4758 1462 4858 fuit
1486 4783 1618 4879 ante,

365 4931 426 5033 ln
451 4932 682 5033 manibus
707 4932 917 5035 virtum
943 4931 1106 5034 faetus
1132 4933 1360 5034 videatur
1386 4931 1586 5055 adesse3
