4432 5984
342 281 427 425 ²14
690 304 751 408 r,
815 274 1242 407 nocuum
1300 272 1518 403 'caru
1635 342 1638 346 ν

361 573 647 676 Arboribus
673 574 1089 713 magnis-sternit,
1116 572 1433 710 monteisque
1459 608 1719 708 supremos

364 747 647 888 Silvifragis
673 773 821 850 vexat
846 748 1053 849 flabris:
1093 750 1162 848 ita
1188 746 1407 885 perfurit
1430 747 1534 845 aori

366 923 500 1025 Cum
525 925 749 1044 fremitu,
778 924 1022 1062 saevitque
1048 923 1230 1023 minaci
1257 956 1517 1020 murmure
1544 940 1762 1020 coortus.

365 1097 499 1199 Sunt
524 1101 683 1236 igitur
708 1099 843 1197 venti
872 1097 1111 1198 nimirum
1131 1133 1343 1233 corpora
1360 1132 1507 1214 caeca,

368 1269 502 1392 Quae
528 1310 682 1391 mare,
710 1310 828 1410 quae
854 1294 1028 1389 terraS,
1056 1308 1173 1407 quae
1200 1269 1423 1405 denique
1448 1266 1626 1369 nubila
1643 1266 1754 1369 coeli

364 1443 610 1563 Verrunt,
638 1482 694 1545 ac
720 1441 888 1542 subito
914 1443 1148 1543 vexantia
1172 1438 1376 1541 turbine
1401 1464 1622 1578 raptant.

369 1616 421 1718 N
427 1656 483 1718 ec
509 1618 702 1717 ratione
728 1617 898 1716 fluunt
916 1616 1029 1732 alia,
1056 1624 1379 1752 stragemque
1399 1637 1701 1753 propagant,

366 1789 443 1889 Ac
469 1827 584 1890 cum
611 1788 775 1888 mollis
794 1826 943 1926 aquae
967 1786 1132 1888 fertur
1157 1810 1339 1888 natura
1363 1800 1575 1926 repente'

370 1963 604 2064 Flumine
631 1961 930 2080 abundanti,
959 1962 1098 2099 quod
1119 1963 1272 2098 largis
1296 1961 1547 2063 imbribus
1573 1985 1729 2102 auget

370 2136 638 2238 Montibus
657 2176 722 2236 ex
746 2136 858 2235 altis
877 2172 1091 2271 magnus
1118 2133 1359 2235 decursus
1383 2145 1553 2276 aquai,

371 2311 644 2450 Fragmina
668 2309 936 2448 conjiciens
962 2308 1233 2446 sylvarum,
1261 2307 1571 2449 arbustaque
1596 2333 1732 2437 tota3

372 2481 487 2586 Nec
507 2484 658 2584 validi
684 2506 897 2622 possunt
913 2504 1094 2620 pontes
1118 2484 1364 2583 venientis
1388 2493 1542 2623 aquai

370 2658 492 2761 Vim
512 2658 732 2760 subitam
756 2659 1005 2757 tolerare:
1045 2658 1116 2756 ita
1133 2694 1318 2800 magno
1342 2655 1581 2758 turbidus
1606 2656 1757 2759 imbri

373 2830 602 2932 Molibus
627 2833 888 2933 incurrens
912 2832 1091 2933 validis
1115 2871 1232 2933 cum
1256 2830 1448 2933 viribus
1466 2833 1643 2952 amuis,

375 3004 482 3106 Dat
507 3007 674 3106 sonitu
701 3044 885 3144 magno
911 3029 1155 3144 stragem3
1191 3008 1449 3145 volvitque
1475 3003 1570 3105 sub
1596 3006 1748 3107 undis

377 3176 604 3279 Grandia
630 3218 765 3299 saxa,
792 3182 897 3280 ruit
923 3220 1027 3319 qua
1052 3179 1306 3320 quidquid
1334 3180 1576 3282 fluctibus
1601 3181 1782 3284 obstat.

376 3354 459 3454 Sic
485 3355 643 3492 igitur
669 3353 858 3453 debent
883 3356 1019 3454 venti
1046 3393 1254 3494 quoque
1280 3355 1486 3454 flamina
1504 3354 1655 3456 ferri:

378 3525 528 3647 Quae,
549 3527 705 3626 veluti
731 3527 954 3629 validum
981 3531 1189 3649 flumen,
1211 3568 1326 3630 cum
1346 3530 1665 3668 procubuere

379 3698 678 3820 Quamlibet
703 3700 754 3798 in
781 3724 994 3836 partem,
1022 3703 1241 3805 trudunt
1266 3743 1344 3804 res
1370 3729 1502 3825 ante,
1530 3727 1792 3844 ruuntque

379 3871 662 4011 Irnpetibus
681 3873 869 3974 crebris
890 3918 902 3999 ;
941 3876 1197 3978 interdum
1222 3882 1407 3979 vertice
1431 3902 1565 3979 torto
1620 3920 1625 3925 ·

381 4048 694 4185 Corripinnt,
721 4048 1006 4187 rapidoque
1032 4054 1217 4151 rotanti
1243 4051 1447 4152 turbine
1466 4073 1687 4188 portant.

382 4220 556 4342 Quare
582 4223 732 4321 etiam
761 4244 915 4362 atque
942 4226 1093 4323 etiarn
1119 4248 1238 4324 sunt
1261 4227 1398 4326 venti
1424 4262 1636 4361 corpora
1661 4262 1825 4326 caeca:

382 4396 816 4536 Quandoquidem
843 4398 987 4497 factis
1013 4438 1068 4499 ac
1094 4399 1335 4520 moribus,
1363 4399 1546 4499 aernula
1572 4398 1768 4534 maguis

381 4569 633 4672 Amnibus
659 4571 1003 4693 inveniuntur,
1031 4597 1206 4711 aperto
1233 4612 1441 4712 corpore
1468 4575 1718 4713 quisunt.

444 4742 580 4844 Tum
607 4783 763 4882 porro
788 4747 949 4846 varios
974 4784 1144 4847 rerum
1164 4749 1406 4849 sentimus
1431 4749 1626 4867 odores,

385 4916 499 5019 Nec
524 4939 694 5018 tamen
719 4918 783 5019 ad
810 4921 973 5020 nareis
998 4921 1272 5022 venienteis
1296 4923 1548 5023 cernimus
1573 4956 1835 5060 unquam;
2000 4962 2005 4971 ·
