4432 5984
769 363 1038 456 LIBER
1103 360 1462 458 PRIMUS.
1626 379 1631 387 ’
1793 366 1857 472 19

367 624 610 764 Namque
630 662 778 726 canes
803 645 862 723 ut
885 623 1189 761 montivagae
1214 659 1442 763 persaepe
1469 624 1595 725 ferai

366 800 597 904 Naribus
621 800 887 901 inveniunt
912 803 1122 901 intectas
1147 800 1331 902 frunde
1359 802 1570 940 quietes,

363 977 500 1079 Cum
526 976 678 1078 semel
703 974 997 1075 institerunt
1019 971 1230 1110 vestigia
1254 996 1393 1074 certa
1414 977 1536 1078 viai:

336 1209 342 1219 ·
366 1153 450 1258 Sic
476 1153 579 1256 alid
604 1190 669 1252 ex
695 1149 793 1250 olio
818 1185 911 1284 per
934 1170 985 1246 te
1009 1169 1119 1247 tute
1143 1148 1252 1284 ipse
1277 1149 1449 1251 videre

364 1327 575 1429 Talibus
600 1327 654 1426 iu
679 1320 830 1425 rebus
855 1321 1059 1457 poteris,
1087 1358 1345 1458 caeoasque
1370 1322 1588 1424 latebras

368 1503 631 1604 Insinuare
657 1497 865 1611 omneis,
893 1514 945 1591 et
963 1530 1135 1593 verum
1160 1494 1455 1630 protrahere
1481 1497 1615 1598 inde.

435 1674 649 1797 Quodsi
670 1668 908 1809 'pigraris
934 1666 1227 1803 paullumve
1253 1668 1547 1772 abscesseris
1565 1669 1630 1770 ab
1656 1708 1727 1791 re,

367 1853 480 1954 Hoc
498 1848 592 1950 tibi
613 1846 677 1947 de
701 1845 856 1982 plano
881 1880 1085 1979 possum
1110 1847 1422 1980 promittere,
1451 1846 1686 1949 Memmi:

364 2026 544 2163 Usque
570 2020 696 2121 adeo
720 2019 887 2154 largos
912 2014 1139 2138 haustus,
1166 2055 1193 2116 e
1218 2017 1444 2122 fontibus
1463 2023 1669 2142 omneis,

367 2202 569 2340 Lingua
590 2223 705 2297 meo
730 2193 893 2294 suavis
917 2189 1012 2289 diti
1038 2189 1101 2289 de
1126 2214 1330 2327 pectore
1354 2193 1553 2316 fundet,
1653 2189 1654 2194 Ν

364 2379 442 2484 Ut
456 2412 646 2492 verear,
672 2408 737 2471 ne
762 2368 907 2469 tarda
931 2368 1073 2504 prius
1093 2404 1185 2503 per
1209 2364 1435 2467 membra
1460 2391 1688 2471 senectus

366 2552 565 2688 Serpat‚
592 2568 644 2645 et
661 2546 712 2644 in
740 2540 885 2643 nobis
909 2543 1030 2642 vitai
1055 2540 1273 2642 claustra
1289 2540 1519 2661 resolvat,
1635 2554 1638 2559 ’
1765 2587 1770 2602 »

365 2724 537 2847 Quam
561 2717 656 2820 tibi
675 2716 739 2819 de
765 2717 942 2855 quavis
969 2752 1069 2814 una
1093 2751 1148 2813 re
1172 2701 1399 2814 versibus
1424 2717 1586 2816 omnis

364 2901 796 3036 Argumentorum
816 2890 881 2988 sit
899 2891 1044 3027 copia
1066 2890 1216 2990 missa
1238 2927 1332 3026 per
1346 2890 1552 2995 aureis„

367 3071 469 3173 Sed
495 3052 753 3201 nunc‘jam
783 3083 1009 3197 repetam
1028 3081 1251 3197 ooeptum
1284 3085 1551 3198 pertexere
1579 3063 1741 3167 dictis.

436 3240 634 3357 OmniS,
662 3259 720 3336 ut
744 3256 835 3355 est,
861 3235 1034 3371 igitur,
1060 3271 1155 3371 per
1178 3271 1246 3354 se,
1274 3258 1470 3355 natura,
1498 3237 1696 3339 duabus

364 3409 607 3522 Consistit
629 3409 803 3532 rebus3
842 3445 960 3507 nam
985 3443 1195 3543 corpora
1220 3430 1353 3528 sunt,
1382 3431 1433 3508 et
1451 3411 1623 3535 inane;

365 3594 493 3697 Haeo
518 3593 572 3691 in
598 3623 702 3726 quo
728 3584 822 3683 sita
840 3595 984 3700 sunt,'
1002 3602 1053 3680 et
1079 3615 1182 3716 qua
1200 3579 1397 3680 diversa
1413 3607 1705 3687 moventur:
1812 3622 1816 3627 ’

366 3767 566 3903 Corpus
590 3760 726 3863 enim
749 3794 843 3894 per
867 3795 919 3858 se
946 3754 1225 3856 communis
1251 3751 1452 3855 dedicat
1477 3794 1582 3856 esse
1623 3795 1656 3860 π.
1795 3770 1811 3815 ³

363 3939 550 4043 Sensus
559 3976 574 4061 ;
612 3970 716 4073 quo
741 3931 837 4031 nisi
861 3933 1026 4068 prima
1043 3929 1169 4030 fides
1195 3927 1408 4029 fundata
1432 3930 1635 4052 valebit,
1750 3947 1755 3953 ’

364 4113 519 4217 Haud
544 4111 641 4211 erit
657 4105 866 4209 occultis
892 4105 955 4205 de
973 4103 1125 4206 rebus
1151 4140 1254 4241 quo
1278 4102 1550 4207 referentes

363 4288 675 4392 Confirmare
695 4281 849 4381 animi
874 4278 1157 4419 quidquam
1182 4280 1375 4380 ratione
1401 4317 1662 4419 queamus
1708 4290 1714 4301 '

358 4466 493 4567 Tum
517 4498 669 4601 porro
693 4460 848 4577 locus,
875 4492 933 4554 ao
959 4455 1193 4592 spatium,
1222 4442 1362 4592 quod
1387 4455 1536 4555 inane
1559 4491 1812 4575 vocamus,

362 4640 415 4740 Si
441 4637 639 4740 nullum
664 4633 809 4751 foret,
832 4628 967 4728 haud
993 4663 1208 4764 usquam
1234 4629 1328 4728 sita
1352 4665 1563 4765 corpora
1585 4648 1793 4768 possent

361 4814 500 4933 Esse,
527 4847 694 4950 neque
714 4806 918 4908 omnino
944 4840 1204 4942 quaquam
1229 4801 1424 4901 diversa
1442 4837 1630 4923 meare3

363 4987 424 5089 Id
445 4985 581 5125 quod
601 4984 707 5121 jam
734 5015 916 5118 supera
939 4975 1033 5077 tibi
1059 4979 1232 5115 paullo
1257 4974 1569 5077 ostendimus
1592 4994 1726 5074 ante.
