4432 5984
361 404 462 505 116
723 390 794 502 n
835 410 1268 503 nucnnru
1333 411 1547 502 cant

360 670 501 793 Quid
529 668 748 809 dubitas,
775 669 901 807 quin
927 670 1133 789 eximo,
1159 669 1467 807 penitusque
1490 690 1660 769 coorta

358 844 638 964 Emanarit,
664 844 740 943 uti
765 842 951 961 fumus,
977 842 1163 944 diffusa
1186 843 1367 942 animae
1391 843 1497 941 visl

357 1023 532 1160 Atque
559 1019 672 1119 ideo
696 1039 837 1116 tauta
860 1036 1112 1113 mutatum
1136 1036 1288 1152 putre
1315 1017 1461 1116 ruina

362 1194 655 1295 Conciderit
677 1227 859 1327 eorpus
884 1190 1102 1323 penitus,
1130 1190 1250 1325 quia
1273 1213 1411 1290 mota
1433 1190 1544 1290 loco
1569 1212 1691 1290 sunt
1720 1206 1724 1231 '

361 1366 713 1466 Fundamenta
736 1363 869 1462 foras
894 1365 1091 1482 animae,
1119 1385 1429 1499 manantque
1454 1400 1548 1499 per
1564 1385 1724 1483 artus,
1848 1368 1853 1375 ’

360 1538 564 1678 Perque
589 1540 780 1638 viarum
807 1576 979 1638 omnes
1004 1540 1167 1638 flexus
1192 1538 1243 1636 in
1270 1573 1478 1674 corpore
1505 1538 1592 1675 qui
1619 1560 1746 1639 sunt

360 1715 536 1852 Atque
561 1712 837 1812 foramina?
876 1708 1195 1810 Multimodis
1220 1731 1279 1807 nt
1302 1746 1505 1808 noscere
1530 1710 1691 1847 possis

363 1880 697 2023 Dispertitam
723 1886 903 1985 animae
927 1904 1157 1981 naturam
1184 1881 1344 1979 exisse
1369 1920 1462 2018 per
1485 1906 1653 2006 artus3

364 2055 434 2158 Et
457 2061 600 2194 prius
625 2095 731 2156 esse
757 2055 852 2156 sibi
878 2057 1163 2157 distractam
1191 2092 1398 2193 corpore
1424 2058 1477 2158 in
1503 2059 1629 2195 ipso,
1717 2114 1722 2123 ·

365 2229 535 2352 Quam
561 2230 796 2368 prolapsa
819 2231 951 2330 foras
976 2252 1149 2330 enaret
1172 2231 1225 2328 in
1252 2232 1381 2330 aeris
1407 2236 1584 2332 auras?

434 2401 745 2523 Quinetiam,
771 2403 914 2502 fineis
940 2402 1063 2502 dum
1086 2405 1204 2503 vitae
1227 2404 1442 2503 vertitur
1464 2406 1613 2527 intra,

364 2575 514 2713 Saepe
540 2576 712 2712 aliqua
735 2598 903 2676 tamen
930 2616 957 2675 e
983 2615 1132 2677 causa
1155 2576 1403 2678 labefacta
1428 2576 1629 2679 videtur

364 2748 447 2851 Ire
472 2750 654 2867 anima,
681 2770 733 2846 et
756 2770 862 2847 toto
889 2749 1011 2850 solvi
1039 2750 1102 2862 de
1127 2787 1335 2886 corpore
1360 2750 1621 2877 membra3

365 2920 435 3022 Et
461 2922 606 3060 quasi
634 2957 868 3056 supremo
891 2921 1215 3059 languescere
1240 2945 1469 3060 tempore
1493 2925 1674 3044 voltus,

365 3094 650 3231 Molliaque
677 3095 898 3230 exangui
925 3095 1103 3194 eadere
1129 3098 1297 3195 omnia
1322 3135 1530 3234 corpore
1556 3098 1829 3205 membra:

368 3267 520 3389 Quod
539 3304 701 3405 genus
720 3288 810 3384 est,
832 3268 998 3364 animo
1014 3267 1142 3366 male
1159 3267 1348 3367 factum
1364 3307 1517 3405 quom
1534 3270 1870 3408 perhibetur,

364 3443 474 3542 Aut
499 3441 716 3539 animam
742 3438 965 3576 liquisse,
992 3441 1081 3539 ubi
1099 3442 1209 3578 jam
1233 3443 1532 3581 trepidatur,
1558 3469 1610 3544 et
1633 3486 1822 3551 omnes

368 3613 666 3714 Extremum
696 3611 914 3745 cupiunt
936 3614 1053 3712 vitae
1078 3617 1382 3752 reprendere
1400 3620 1638 3721 vinclum.

370 3782 751 3921 Conquassatnr
774 3784 907 3881 enim
935 3805 1041 3884 tum
1068 3826 1224 3907 mens,
1252 3789 1537 3929 animaeque
1561 3816 1791 3930 potestas

370 3955 582 4058 Omnis:
621 3954 808 4057 ethaeo
834 3956 942 4093 ipso
968 3997 1081 4057 cum
1108 4000 1315 4099 corpore
1340 3965 1710 4093 conlabeliunt;

367 4130 444 4234 Ut
468 4131 669 4268 gravior
691 4130 865 4267 paullo
889 4133 1048 4266 possit
1073 4132 1339 4236 dissolvere
1366 4176 1529 4242 causa.

442 4304 582 4426 Quid
610 4305 815 4406 dubitas
840 4304 1062 4425 tandem,
1089 4309 1212 4443 quin
1240 4333 1383 4410 extra
1406 4312 1610 4448 prodita
1634 4350 1836 4453 corpus

370 4478 632 4581 Imbecilla
656 4479 803 4599 foras,
830 4480 881 4578 in
909 4500 1100 4611 aperto,
1126 4485 1348 4618 tegmine
1372 4486 1594 4625 dempto,

371 4652 426 4754 N
429 4693 494 4754 on
520 4650 671 4751 modo
694 4690 794 4752 nou
824 4688 1025 4751 omnem
1050 4654 1208 4789 possit
1232 4656 1412 4757 durare
1437 4696 1532 4795 per
1556 4698 1734 4782 aevom,

373 4825 474 4927 Sed
500 4825 764 4925 minimum
791 4824 1005 4963 quodvis
1024 4851 1246 4962 nequeat
1263 4832 1529 4932 consistere
1547 4840 1791 4973 tempus?

442 4996 556 5101 Neo
582 4996 677 5099 sibi
703 5001 838 5101 enim
865 4999 1135 5137 quisquam
1162 5002 1379 5105 moriens
1404 5007 1587 5108 sentire
1610 5007 1831 5117 videtur
