4432 5984
721 369 1022 460 LIBER'
1059 370 1417 462 PRIMUS·
1774 368 1805 456 5

320 619 514 744 Funde,
540 649 719 762 petens
744 628 996 765 placidam
1023 626 1279 746 Romanis,
1307 627 1515 745 incluta,
1540 664 1732 764 pacem.

248 843 253 856 ,
320 790 458 896 Nam
484 836 651 938 neque
677 839 768 902 nos
793 839 941 940 agere
968 798 1063 903 hoo
1087 802 1270 939 patriai
1294 824 1521 940 tempore
1546 802 1722 941 iniquo

318 964 593 1072 Possumus
618 1013 767 1115 aequo
783 977 973 1100 anim03
999 1014 1167 1115 neque
1184 973 1397 1075 Memml
1423 977 1557 1075 clara
1573 1013 1804 1116 propago

314 1137 526 1245 Talibus
553 1148 606 1247 in
632 1148 784 1249 rebus
810 1151 1064 1250 communi
1091 1150 1262 1250 deesse
1289 1152 1453 1252 saluti.

317 1313 471 1436 Quod
497 1346 739 1458 superest,
766 1362 946 1425 vacuas
972 1326 1135 1424 aureis
1160 1308 1299 1443 mihi,
1330 1322 1656 1446 Memmiada,
1680 1347 1735 1424 et
1751 1346 1803 1425 te
1945 1383 1948 1387 ·

318 1489 577 1594 Semotum
603 1535 632 1596 a
656 1499 788 1598 curis
809 1498 994 1599 adhibe
1018 1537 1189 1600 veram
1214 1498 1278 1599 ad
1305 1500 1573 1623 rationem3

318 1665 404 1767 Ne
430 1707 542 1769 mea
566 1669 698 1771 dona
723 1670 817 1771 tibi
843 1673 1011 1773 studio
1037 1673 1262 1809 disposta
1278 1671 1433 1791 fideli,
1602 1690 1606 1695 '

318 1837 583 1944 Intellecta
606 1846 748 1981 prius
775 1882 927 1983 quam
954 1847 1069 1966 sint,
1091 1867 1381 1983 contempta
1406 1845 1678 1983 relinquas.

317 2007 454 2116 Nam
480 2014 574 2116 tibi
601 2017 665 2116 de
692 2028 886 2118 summa
911 2019 1022 2119 eoeli
1047 2021 1258 2141 ratione,
1280 2018 1552 2158 dequue,

315 2186 575 2290 Disserere
601 2192 854 2329 incipiam,
882 2215 933 2292 et
956 2231 1123 2294 rerum
1148 2192 1427 2331 primordia
1448 2192 1693 2331 pandam;
1795 2248 1802 2259 ·

314 2361 468 2466 Unde
492 2367 684 2467 omneis
712 2389 890 2467 natura
913 2387 1051 2466 creet
1074 2403 1169 2485 res,
1198 2388 1384 2503 auctet,
1408 2366 1642 2505 alatque;

316 2535 496 2658 Quove
521 2541 698 2641 eadem
723 2578 923 2642 rursum
949 2563 1130 2640 natura
1147 2565 1413 2678 perempta
1435 2543 1671 2643 resolvat:

316 2709 448 2832 Quae
474 2752 565 2814 nos
591 2715 867 2836 materiem,
894 2737 947 2815 et
969 2713 1212 2851 genitalia
1236 2752 1447 2851 corpora
1470 2713 1622 2816 rebus

313 2884 604 2988 Reddunda
626 2889 680 2988 in
704 2889 897 2988 ratione
921 2895 1115 3007 vocare,
1142 2908 1193 2986 et
1216 2887 1406 2986 semina
1432 2924 1598 2987 rerum

309 3061 586 3203 Appellare
613 3066 832 3183 suemus,
860 3085 913 3162 et
936 3058 1046 3162 haee
1071 3061 1248 3160 eadem
1273 3096 1516 3198 usurpare

313 3232 540 3373 Corpora
563 3236 744 3372 prima,
772 3234 912 3373 quod
937 3272 1001 3334 ex
1026 3233 1124 3333 illis
1150 3254 1269 3332 sunt
1292 3234 1460 3333 omnia
1482 3236 1673 3370 primis.

384 3408 566 3511 Omnis
591 3413 723 3510 enim
750 3447 843 3547 per
868 3447 919 3508 se
946 3406 1112 3508 divdm
1136 3424 1643 3508 natura'neeesseest

311 3582 588 3684 Immortali
616 3621 723 3682 aevo
749 3619 944 3683 summa
968 3619 1083 3682 oum
1108 3618 1233 3718 paee
1258 3580 1472 3701 fruatur,

311 3757 514 3859 Semota
539 3757 603 3857 ab
630 3759 811 3858 nostris
836 3753 1003 3877 rebus,
1033 3754 1359 3892 sejunctaque
1378 3757 1556 3895 longe3

310 3931 448 4035 Nam
472 3935 669 4072 privata
687 3932 858 4032 dolore
884 3933 1038 4052 omni,
1064 3933 1261 4069 privata
1285 3931 1502 4068 periclis,

197 4124 200 4129 ’
291 4080 427 4247 Ἰρεε
453 4109 554 4207 suis
578 4107 775 4245 pollens
800 4106 999 4246 opibus,
1026 4103 1154 4207 nihil
1179 4104 1357 4242 indiga
1380 4106 1553 4224 nostri,

306 4281 360 4384 N
364 4323 420 4385 eo
443 4281 574 4384 bene
598 4282 884 4419 promeritis
908 4283 1121 4420 eapitur,
1148 4318 1240 4381 nec
1265 4280 1492 4417 tangitur
1516 4280 1604 4380 ira.

376 4457 620 4559 Humana
644 4477 759 4555 ante
785 4455 956 4555 oeulos
981 4453 1112 4554 foede
1138 4491 1294 4593 quom
1319 4452 1420 4551 v'ita
1437 4450 1629 4588 jaceret

308 4632 369 4734 Iu
396 4632 541 4732 terris
566 4666 805 4769 oppressa
830 4630 971 4767 gravi
996 4626 1089 4729 sub
1117 4626 1417 4766 Relligione,

304 4807 437 4930 Quae
463 4829 618 4944 eaput
642 4844 671 4905 a
703 4804 814 4905 ooeli
839 4800 1132 4941 regionibus
1157 4798 1471 4921 ostendebat,

306 4980 554 5085 Horribili
579 5016 731 5116 super
756 4977 999 5115 adspectu
1025 4974 1324 5079 mortalibus
1348 4975 1538 5076 instans
1547 5016 1561 5099 3
