4432 5984
714 356 987 453 LIBER
1044 360 1388 457 SEXTUS·
1724 286 1833 463 9611

331 603 536 754 Arguit‚
562 641 614 720 et
637 619 887 759 liquidam
912 619 1113 741 molem,
1140 659 1448 762 camposque
1473 630 1737 748 natantes?

403 788 681 914 Praeterea5
698 793 739 893 si
763 794 873 903 vult
896 830 1159 897 caveamus
1185 799 1411 918 fulminis
1436 802 1610 925 ictum,

334 961 441 1066 Cur
467 965 670 1069 dubitat
693 966 856 1070 facere
882 992 942 1072 ut
963 972 1213 1104 possimus
1239 1010 1444 1112 cernere
1469 977 1710 1080 missum?
1763 1074 1767 1083 .

333 1137 387 1237 Si
414 1142 810 1278 nec-opinanteis
834 1164 1004 1242 autem
1030 1144 1139 1245 vult
1163 1147 1451 1282 opprimere
1475 1148 1602 1286 igni,

334 1309 442 1414 Cur
466 1337 609 1414 tonat
633 1355 695 1415 ex
722 1317 817 1416 illa.
832 1338 995 1452 parte,
1021 1338 1081 1416 ut
1103 1319 1261 1425 vitare
1287 1326 1564 1456 queamus?

334 1484 441 1586 Cur
464 1486 698 1590 tenebras
722 1511 854 1610 ante,
881 1511 934 1589 et
956 1488 1204 1614 fremitus,
1230 1516 1282 1593 et
1306 1533 1566 1597 murmura
1591 1497 1789 1603 conci-tl

401 1658 471 1759 Et
494 1649 645 1760 simul
667 1663 720 1761 in
746 1661 928 1760 multas
953 1666 1141 1798 parteis
1167 1668 1257 1805 qui
1283 1668 1488 1769 credere
1513 1671 1674 1808 possis
1735 1723 1737 1728 ⁸

332 1831 571 1937 Mittere?
608 1838 691 1937 An
716 1836 810 1938 hoo
836 1838 967 1939 ausis
994 1876 1256 1980 nunquam
1283 1843 1587 1944 contendere
1611 1843 1823 1969 factum,

329 2005 405 2111 Ut
431 2010 612 2114 fierent
636 2014 766 2115 ictus
791 2053 895 2114 uno
922 2013 1016 2115 sub
1041 2037 1271 2152 tempore
1294 2015 1500 2151 plures?
1557 2130 1560 2135 ,

328 2183 402 2284 At
428 2223 561 2324 saepe
587 2209 663 2286 est
687 2226 899 2289 numero
922 2189 1129 2308 factum,
1155 2188 1370 2327 fierique
1396 2228 1596 2293 necesse
1622 2215 1714 2313 cst,

304 2362 308 2369 ’
329 2357 406 2460 Ut
431 2362 606 2497 pluere
631 2363 684 2462 in
710 2364 880 2464 multis
906 2362 1214 2502 regionibus²
1241 2385 1293 2462 et
1317 2363 1496 2464 cadere
1520 2364 1744 2488 imbreis,
1811 2440 1814 2445 -

331 2533 568 2637 Fulmina
592 2538 661 2638 sic
685 2574 788 2637 uno
813 2537 920 2637 fieri
949 2536 1044 2636 snb
1069 2558 1299 2674 tempore
1324 2538 1499 2641 multa.

399 2709 674 2832 Postremo,
702 2749 793 2813 our
817 2733 986 2810 sancta
1013 2710 1165 2812 dedm
1191 2709 1422 2832 delubra,
1448 2748 1667 2854 suasque

329 2880 556 2985 Discutit
579 2885 762 2985 infesto
787 2886 1055 3024 praeclaras
1079 2882 1293 2982 fulmine
1318 2882 1493 3007 sedes3
1660 2996 1671 3019 ³

329 3054 399 3158 Et
423 3057 554 3158 bene
580 3056 712 3159 facta
736 3056 889 3158 dedm
915 3056 1107 3193 frangit
1132 3055 1427 3156 simulacra?
1464 3055 1674 3195 suisque

330 3230 508 3333 Demit
532 3229 840 3369 imaginibus
863 3230 1083 3332 violento
1101 3230 1305 3331 volnere
1331 3228 1606 3330 honorem?

327 3404 551 3544 Altaque
577 3442 669 3504 cur
691 3404 996 3541 plerumque
1014 3404 1145 3541 petit
1164 3404 1295 3504 local
1323 3404 1645 3542 plurimaque
1665 3401 1817 3541 hujus

328 3576 598 3680 Montibus
623 3580 677 3679 in
703 3579 909 3679 summis
933 3579 1145 3717 vestigia
1170 3579 1419 3680 cernimus
1444 3578 1607 3714 ignis!
1697 3716 1700 3723 Ι

398 3751 551 3872 Quod
580 3777 826 3889 superest,
851 3750 1001 3852 facile
1025 3774 1100 3851 est
1124 3791 1190 3852 ex
1214 3751 1293 3852 his
1317 3788 1617 3889 cognoscere
1641 3746 1813 3870 rebus,

228 4030 232 4037 ,
326 3924 568 4064 Hecubae
595 3922 736 4026 Graii
762 3962 890 4064 qnos
916 3922 980 4023 ab
1006 3962 1060 4024 re
1085 3929 1467 4048 nominitdrunt,

326 4099 386 4202 In
415 4105 551 4201 mare
577 4138 681 4240 qna
706 4100 840 4200 missi
865 4100 1071 4201 veniant
1094 4102 1286 4225 ratione
1312 4138 1547 4238 superne.

327 4272 465 4377 Nam
490 4275 566 4394 fit,
592 4295 652 4374 nt
675 4272 931 4374 interdum
955 4293 1200 4412 tanquam
1226 4271 1440 4374 demissa
1464 4273 1699 4409 columna

325 4445 388 4551 In
414 4487 550 4548 mare
576 4447 642 4548 de
666 4447 793 4548 eoelo
820 4446 1107 4567 descendat,
1135 4484 1289 4585 quam
1314 4444 1442 4546 freta
1467 4448 1657 4549 circum

324 4622 631 4726 Fervescunt
654 4622 874 4761 graviter
897 4620 1204 4760 spirantibus
1227 4621 1382 4723 incita
1405 4618 1606 4723 flabris:

325 4796 394 4901 Et
419 4836 742 4939 quaecunque
766 4799 819 4898 in
845 4836 904 4900 eo
927 4818 1038 4900 tum
1064 4818 1183 4898 sunt
1207 4795 1457 4932 deprensa
1479 4796 1708 4899 tumultu

323 4972 561 5114 Navigia,
586 4974 641 5077 in
667 5010 920 5077 summum
946 4973 1154 5078 veniunt
1168 4992 1357 5110 ,vexata
1379 4970 1646 5112 periclum.
