4432 5984
366 333 469 434 aar
685 343 751 479 r.
820 337 1256 431 tucunrrr
1324 340 1538 432 cunr

278 634 281 641 ’
367 605 697 744 Quapropter
719 599 853 704 bane
878 600 969 704 ubi
994 602 1103 704 haec
1129 564 1604 740 confirmatamque
1627 600 1790 701 locata

327 810 330 814 ·
369 777 559 881 Omnia
584 776 901 876 constiterint
927 774 1073 877 nobis
1097 781 1365 916 praepdsta,
1384 800 1590 913 parata:

368 949 523 1072 Quod
551 972 795 1088 superest,
823 949 969 1054 facile
996 951 1115 1053 hinc
1141 954 1268 1052 ratio
1294 952 1551 1075 reddetur,
1580 978 1632 1056 et
1655 956 1816 1055 omnis

369 1126 537 1230 Causa
560 1126 784 1264 patefiet,
813 1164 929 1265 quaa
955 1126 1075 1227 ferri
1101 1128 1326 1267 pelliciat
1349 1130 1466 1230 vim.

342 1325 344 1328 ’
438 1306 712 1441 Principio,
741 1305 899 1402 fluere
926 1341 953 1402 e
978 1302 1149 1441 lapide
1170 1300 1264 1403 hoc
1284 1306 1537 1441 permulta
1563 1343 1762 1407 necesse
1782 1310 1857 1405 est

369 1483 590 1600 Semina,
619 1482 720 1581 sive
748 1500 945 1596 aestum,
974 1478 1064 1615 qui
1091 1477 1296 1578 discutit
1322 1479 1642 1618 aera‘plagis,

238 1767 241 1778 ,
366 1655 510 1757 Inter
536 1655 626 1794 qui
653 1653 892 1792 lapidem,
919 1650 1214 1790 ferrumque
1240 1675 1316 1751 est
1342 1690 1545 1793 cunque
1570 1655 1777 1756 locatus.

366 1829 481 1931 Hoc
508 1829 594 1929 ubi
623 1830 846 1928 inanitur
870 1829 1105 1965 spatium,
1133 1826 1429 1966 multusque
1454 1831 1670 1931 vacuelit

369 2001 427 2104 ln
458 2004 625 2103 medio
651 2004 806 2122 locuS,
835 2000 1092 2138 externplo
1118 2001 1395 2139 primordia
1419 2002 1538 2103 ferri
1567 1992 1573 1999 ¹

365 2176 427 2278 ln
453 2217 667 2280 vacuum
692 2179 929 2315 prolapsa
954 2176 1145 2277 cadunt
1170 2176 1455 2313 conjuncta,
1483 2178 1541 2276 fit
1566 2201 1727 2317 utque

364 2353 603 2453 Annulus
628 2354 736 2490 ipsc
764 2374 1024 2491 sequatur,
1053 2374 1235 2489 eatque
1262 2352 1331 2450 ita
1357 2389 1565 2489 corpore
1590 2374 1717 2454 tot0.

369 2525 482 2627 Nec
509 2564 588 2627 res
613 2526 719 2627 ulla
746 2527 905 2665 magis
930 2524 1237 2664 primoribus
1263 2565 1327 2625 ex
1353 2527 1613 2626 elementis
1683 2550 1686 2555 ’

364 2703 676 2842 Indupedita
703 2704 804 2804 suis
831 2725 965 2802 arcte
991 2740 1218 2802 connexa
1244 2698 1479 2821 cohaeret,

365 2877 533 2998 Quam
562 2878 716 2979 validi
742 2876 861 2991 ferri
888 2899 1084 2975 naturae
1111 2876 1327 3017 frigidus
1352 2873 1542 2975 horror.

366 3053 485 3176 Quo
512 3055 677 3154 minus
704 3075 779 3152 est
803 3052 1005 3173 mirum,
1034 3052 1172 3191 quod
1199 3051 1373 3189 paullo
1399 3051 1620 3152 diximus
1646 3069 1777 3172 ante,

367 3228 595 3367 Corpora
621 3229 660 3328 si
687 3250 952 3365 nequeunt
978 3226 1042 3326 de
1068 3226 1201 3326 ferro
1227 3229 1379 3365 plura
1404 3251 1573 3329 coorta

366 3402 425 3504 lu
455 3441 670 3504 vacuum
697 3404 833 3523 ferri,
863 3403 987 3541 quin
1016 3403 1233 3503 annulus
1259 3402 1366 3540 ipse
1393 3426 1661 3541 sequatur:

366 3577 519 3699 Quod
547 3578 683 3699 facit,
700 3601 762 3678 et
788 3579 1035 3716 sequitur,
1063 3577 1223 3677 donec
1249 3579 1480 3715 pervenit
1506 3577 1569 3676 ad
1595 3579 1762 3714 ipsum

362 3750 396 3853 J
402 3790 480 3851 am
508 3751 746 3888 lapidem,
774 3751 1020 3889 caecisquc
1045 3753 1095 3850 in
1126 3790 1184 3871 eo
1210 3752 1541 3890 compagibus
1566 3752 1724 3857 lraesit.

370 3925 482 4027 Hoc
509 3928 569 4026 fit
594 3929 712 4026 item
742 3948 946 4027 cunctas
971 3927 1023 4026 in
1049 3928 1236 4063 parteis
1256 3927 1394 4026 unde
1420 3928 1636 4028 vaeuclit

369 4101 592 4245 Cunque
618 4103 773 4222 locuS,
802 4105 902 4202 sive
930 4141 991 4201 ex
1019 4125 1318 4222 transverso,
1340 4108 1440 4202 sive
1466 4142 1716 4241 superne3

367 4276 594 4414 Corpora
620 4279 859 4377 continuo
884 4277 935 4376 in
963 4315 1178 4376 vacuum
1202 4277 1366 4377 vicina
1389 4277 1654 4382 feruntur:

367 4447 578 4588 Quippe
605 4451 862 4589 agitantur
888 4454 1022 4551 enim
1048 4451 1213 4589 plagis
1239 4452 1461 4572 aliunde,
1489 4492 1581 4553 nec
1606 4455 1716 4592 ipsa

369 4625 561 4763 Sponte
588 4664 678 4725 sua
703 4663 898 4724 sursum
926 4650 1140 4763 possunt
1164 4665 1467 4766 consurgere
1493 4631 1546 4730 in
1572 4669 1732 4734 auras.

439 4801 556 4903 Huc
584 4801 777 4902 accedit
803 4803 939 4921 item,
969 4839 1126 4939 quare
1155 4825 1311 4941 queat
1335 4800 1384 4901 id
1415 4804 1574 4940 magis
1599 4844 1734 4907 esse:

369 4992 401 5031 “
425 4973 552 5076 Haec
579 5014 787 5116 quoque
813 5016 892 5078 res
919 4977 1232 5116 adjumanto,
1260 5001 1504 5117 motuque
1523 4979 1772 5118 juvatura
