4432 5984
665 389 943 478 LIBER
1008 386 1419 480 QUINTUS.
1686 386 1786 484 2Ὶό

289 632 491 789 Corpus
517 654 651 752 enirn
680 653 796 753 licet
820 690 927 752 esse
953 650 1109 771 aliud,
1137 651 1276 790 quod
1302 651 1480 772 fertur,
1502 669 1554 753 et
1582 693 1681 756 una

291 823 504 927 Labitur
528 829 828 928 omnimodis
852 864 1120 929 occursans
1145 826 1490 965 officiensque,

289 999 401 1101 Nec
427 1006 565 1140 potis
591 1026 666 1104 est
690 1004 843 1122 cerni,
873 1004 995 1140 quia
1020 1040 1213 1103 cassum
1241 1002 1433 1101 lumine
1452 1002 1628 1105 femur.
1657 1076 1662 1087 -

286 1173 595 1317 Versarique
622 1201 804 1317 potest,
831 1178 1015 1315 globus
1045 1198 1113 1296 nt,
1141 1177 1181 1275 si
1209 1175 1355 1295 forte,
1384 1177 1507 1313 pilai

289 1349 520 1457 Dimidia
540 1395 605 1456 ex
633 1357 760 1492 parti
790 1352 1026 1453 candenti
1053 1350 1245 1449 lumine
1272 1350 1490 1472 tinctus3

290 1525 654 1668 Versandoqne
680 1527 891 1667 globum
917 1527 1184 1625 varianteis
1210 1525 1360 1625 edere
1386 1525 1588 1646 formas,

286 1699 542 1804 Douicum
569 1743 676 1804 eam
704 1724 918 1839 partem,
946 1739 1272 1840 quaeeunque
1292 1724 1368 1799 est
1386 1701 1592 1839 ignibus
1617 1725 1780 1824 aucta,

115 1882 121 1895 '
284 1876 366 1975 Ad
395 1879 611 2013 speciem
640 1877 789 1977 vertit
814 1874 974 1993 nobis,
1004 1876 1281 2013 oculosque
1311 1877 1611 2012 patenteisz·

289 2047 414 2148 lude
441 2051 727 2150 minutatim
757 2070 889 2148 retro
915 2073 1234 2188 contorquet,
1262 2072 1315 2148 et
1339 2047 1505 2147 aufert

288 2219 572 2324 Luciferam
600 2247 795 2360 partem
822 2224 1199 2360 glomeraminis
1218 2247 1374 2361 atque
1400 2224 1552 2360 pilai:

287 2395 361 2498 Ut
391 2396 701 2535 Babylonica
728 2398 1024 2498 Chaldaeum
1051 2398 1281 2499 doctrina
1306 2402 1532 2502 refutans

284 2576 669 2711 Astrologorum
697 2598 855 2673 artem
881 2597 1056 2675 contra
1080 2578 1374 2677 convincere
1395 2578 1589 2699 tendit3

286 2743 507 2847 Proinde
535 2748 679 2885 quasi
706 2747 815 2848 fieri
842 2772 1067 2887 nequeat
1093 2750 1230 2886 qood
1258 2774 1458 2888 pugnat
1480 2777 1710 2891 uterque,

285 2924 393 3024 Aut
417 2925 584 3024 miuus
611 2921 705 3024 hoc
732 2924 819 3024 illo
845 2926 909 3023 sit
935 2961 1026 3024 cur
1050 2924 1345 3060 amplectier
1370 2927 1517 3028 ausis.

357 3097 615 3237 Denique,
643 3138 734 3199 cur
759 3122 981 3236 nequeat
1006 3135 1205 3235 semper
1232 3137 1359 3198 nova
1384 3062 1505 3200 linia
1530 3102 1687 3203 creari

287 3271 484 3373 Ordine
510 3272 781 3372 formarum
811 3295 948 3373 certo
973 3273 1225 3409 certisque
1251 3274 1446 3409 figuris,

285 3445 452 3585 Inque
478 3447 585 3547 dies
612 3447 779 3583 privos
805 3446 1090 3546 abolescere
1117 3485 1338 3585 quaeque
1364 3472 1545 3569 creata,

283 3623 459 3761 Atque
485 3621 582 3720 alia
607 3621 742 3720 illius
768 3621 989 3756 reparari
1016 3622 1068 3719 in
1096 3644 1240 3757 parte
1266 3623 1496 3759 locoque,
1606 3698 1609 3702 -

285 3795 508 3898 Difficile
535 3817 611 3895 est
635 3794 828 3893 ratione
854 3793 1054 3913 docere,
1082 3816 1135 3892 et
1151 3795 1350 3895 vincere
1377 3797 1557 3920 verbis,

168 4073 171 4081 ,
286 3970 484 4074 Ordine
512 4009 668 4109 quom
690 3968 861 4068 videas
886 3991 989 4067 tam
1016 3989 1154 4068 certo
1180 3969 1343 4068 multa
1369 3972 1543 4072 creari.

168 4162 176 4177 ’
286 4131 337 4246 It
356 4143 474 4264 Ver,
502 4167 555 4244 et
577 4140 764 4259 Venus,
789 4166 842 4242 et
863 4140 1071 4243 Veneris
1095 4144 1417 4281 praenuntius
1442 4169 1558 4247 ante

284 4319 536 4421 Pinnatus
561 4317 795 4454 graditur
819 4313 1125 4457 Zephyrus3
1164 4318 1375 4455 vestigia
1401 4343 1610 4458 propter

285 4493 434 4595 Flora
460 4491 648 4632 quihus
668 4513 837 4591 mater
862 4520 1213 4629 praespargens
1237 4515 1353 4592 ante
1381 4495 1477 4594 viai

285 4668 484 4771 Cuncta
509 4664 761 4767 coloribus
786 4667 1004 4804 egregiis
1029 4689 1081 4765 et
1104 4665 1344 4767 odoribus
1369 4668 1563 4806 opplet.

281 4843 411 4947 lnde
438 4842 537 4942 loci
564 4843 801 4980 sequitur
828 4839 979 4942 Calor
1003 4843 1191 4961 aridus,
1211 4865 1263 4942 et
1288 4880 1453 4943 comes
1479 4880 1581 4944 una

286 5017 655 5122 Pulverulenta
683 5012 853 5135 Ceres,
880 5037 933 5115 et
956 5013 1128 5118 Etesia
1150 5016 1315 5120 'flabra
1337 5015 1671 5157 Aquilonum.
