4432 5984
364 352 461 453 162
725 358 1270 451 T.'LUCRETII
1335 356 1549 449 CARI

433 616 590 721 Nune
616 617 725 729 aliis
751 618 878 717 alius
904 656 995 718 our
1019 620 1083 718 sit
1107 616 1265 736 cibus,
1286 638 1346 716 ut
1368 615 1644 737 videamus,

364 790 679 929 Expediam3
719 828 953 929 quareve,
979 792 1088 891 aliis
1108 789 1247 929 quod
1266 790 1409 890 triste
1436 810 1488 888 et
1512 828 1748 893 amarum
1780 812 1894 913 est,

366 962 478 1065 Hoc
503 984 672 1062 tamen
699 1001 804 1063 esse
831 966 940 1063 aliis
964 965 1123 1101 possit
1142 961 1402 1100 praedulce
1428 962 1602 1066 videri.

362 1137 631 1278 Tantaque
656 1140 707 1237 in
734 1137 812 1239 his
837 1137 990 1239 rebus
1013 1138 1252 1239 distantia
1276 1135 1620 1276 differitasque
1645 1160 1748 1257 est,

363 1309 441 1415 Ut
465 1312 604 1451 qnod
629 1312 718 1411 alls
745 1310 885 1411 cibus
911 1334 987 1411 est
1011 1312 1120 1411 aliis
1145 1309 1255 1409 fuat
1280 1346 1392 1409 acre
1416 1348 1700 1413 venenum:

365 1483 462 1589 Est
487 1486 662 1622 itaque
687 1506 747 1583 ut
772 1521 979 1621 serpens
1005 1483 1221 1585 hominis
1246 1505 1474 1583 contacta
1500 1484 1667 1585 salivis

366 1656 612 1795 Disperit,
641 1695 696 1756 ao
722 1695 827 1756 sese
854 1660 1140 1758 mandendo
1166 1658 1367 1758 conficit
1394 1655 1516 1791 ipsa.

436 1829 707 1949 Praeterea,
735 1829 879 1930 nohis
903 1854 1155 1932 veratrum
1182 1853 1257 1929 est
1282 1867 1393 1930 acre
1413 1866 1682 1951 venenum,

362 2005 436 2106 At
460 2004 622 2141 capris
648 2004 821 2141 adipes
848 2026 900 2103 et
924 2001 1263 2103 coturnicibus
1290 2026 1457 2141 auget.

365 2176 441 2279 Ut
467 2177 653 2316 quibus
678 2178 730 2276 id
756 2178 846 2275 fiat
870 2175 1020 2276 rebus
1044 2213 1347 2314 cognoscere
1365 2177 1540 2313 possis,

367 2348 628 2489 Principio
653 2351 938 2451 meminisse
964 2352 1108 2452 decet
1134 2390 1253 2489 quae
1278 2349 1499 2450 diximus
1524 2371 1658 2471 ante,
1738 2356 1741 2363 ’

355 2526 573 2627 'Semina
598 2527 909 2627 multimodis
934 2526 986 2623 in
1012 2523 1163 2624 rebus
1187 2525 1334 2625 mista
1358 2524 1534 2623 teneri.

365 2699 522 2800 Porro
549 2738 720 2799 omnes
746 2735 1069 2837 quaecunque
1095 2696 1266 2797 cibum
1291 2700 1499 2837 capiunt
1523 2699 1858 2829 animante&

365 2869 442 2974 Ut
467 2895 587 2975 sunt
611 2871 874 2969 dissimiles
899 2871 1225 2989 extrinsecus²
1253 2892 1305 2970 et
1329 2876 1606 3008 generatim

367 3042 573 3144 Extima
599 3044 941 3145 membrorum
968 3046 1345 3144 circumcaesura
1370 3071 1594 3171 coercet3

367 3212 587 3317 Proinde
614 3241 665 3316 et
690 3215 964 3317 seminibus
990 3216 1194 3336 distant,
1220 3218 1517 3356 variantque
1536 3182 1721 3359 figura.

370 3389 573 3491 Semina
599 3428 754 3528 quom
781 3426 931 3525 porro
957 3389 1161 3508 distent,
1188 3389 1391 3490 differre
1420 3431 1618 3493 necesse
1643 3418 1726 3495 est

368 3562 656 3682 Intervalla,
685 3566 906 3701 viasque,
933 3562 1177 3662 foramina
1202 3602 1319 3702 quae
1344 3563 1687 3700 perhibemus

370 3736 623 3847 Omnibus
649 3739 699 3837 in
729 3734 979 3855 membris,
1006 3758 1058 3837 et
1084 3737 1135 3836 in
1160 3774 1246 3836 ore
1270 3739 1484 3875 ipsoque
1509 3740 1698 3875 palato.

370 3909 493 4011 Esse
520 3913 714 4011 minora
740 3913 898 4049 igitur
923 3915 1176 4052 quaedam,
1202 3914 1493 4050 majoraque
1513 3910 1724 4034 debent}

370 4083 494 4184 Esse
519 4087 769 4221 triquetra
794 4086 918 4206 aliis,
947 4088 1055 4185 aliis
1081 4088 1328 4223 quadrata
1353 4122 1552 4186 necesse
1577 4106 1671 4204 est,

370 4258 541 4360 Multa
567 4259 800 4378 rotunda,
828 4265 988 4362 modis
1015 4264 1185 4362 multis
1211 4260 1530 4397 multangula
1554 4260 1867 4397 qnaedam‚.

372 4433 612 4572 Namque
639 4433 919 4568 figurarum
945 4458 1004 4535 ut
1028 4437 1155 4535 ratio
1182 4457 1449 4570 motusque
1478 4458 1785 4567 reposcunt,

370 4606 595 4707 Proinde
616 4606 945 4707 foraminibus
971 4607 1160 4707 debent
1186 4607 1387 4706 differre
1411 4606 1622 4743 figurae3

371 4782 440 4883 Et
463 4785 653 4883 variare
678 4785 773 4883 viae
798 4782 1009 4919 proinde
1035 4820 1092 4882 ac
1117 4804 1321 4881 textura
1346 4801 1555 4881 coercet.

371 4953 509 5095 Ergo
533 4955 621 5057 ubi
650 4956 791 5095 quod
816 4992 966 5055 suave
992 4978 1068 5055 est
1092 4954 1217 5073 aliis,
1245 4954 1354 5055 aliis
1379 4954 1438 5053 fit
1462 4990 1713 5077 amarum,
1744 5050 1751 5059 ,
1809 5060 1812 5065 ,
