4432 5984
758 349 1027 439 LIBER
1088 347 1440 438 PRIMUS.
1773 347 1835 454 17

345 601 502 723 Quod
526 603 670 710 cibus
695 611 746 710 in
774 633 903 710 totas
929 646 1094 747 usque
1121 606 1185 709 ab
1213 607 1466 709 radicibus
1492 610 1604 709 imis
1697 664 1700 668 ·

345 776 445 880 Per
468 804 688 904 truncos,
716 823 773 885 ac
797 823 890 922 per
915 823 1078 884 ramos
1104 778 1409 882 diffunditur
1433 785 1647 884 omneis:

344 953 486 1056 Inter
510 981 653 1095 septa
677 983 846 1060 meant
871 997 1029 1078 voces,
1057 979 1110 1057 et
1134 957 1302 1099 clausa
1327 955 1592 1057 domorum

342 1127 739 1234 Transvolitant:
779 1132 1001 1271 rigidum
1028 1153 1292 1268 permanat
1317 1130 1479 1268 frigus
1506 1132 1571 1230 ad
1598 1170 1722 1232 ossa.

344 1299 517 1424 Quod,
546 1307 640 1406 nisi
666 1307 835 1406 inania
860 1306 974 1424 sint,
1012 1342 1115 1441 qua
1139 1326 1349 1440 possent
1374 1342 1585 1441 corpora
1611 1344 1835 1446 quaequo

341 1473 594 1598 Transire,
621 1478 758 1579 haud
784 1480 890 1578 ulla
915 1479 1023 1579 fieri
1050 1481 1243 1579 ratione
1268 1479 1478 1580 videres.

413 1645 672 1789 Denique,
700 1691 791 1752 cur
815 1651 936 1751 alias
962 1651 1071 1751 aliis
1096 1674 1333 1788 praestare
1360 1653 1585 1753 videmus

344 1820 576 1926 Pondere
601 1864 679 1926 res
704 1824 870 1947 rebUS,
898 1823 1057 1923 nihilo
1084 1825 1269 1962 majore
1296 1825 1489 1963 ligural

346 1995 501 2118 Nam,
529 2001 568 2100 si
595 2001 895 2101 tantundem
922 2001 1074 2139 estin
1100 2001 1230 2100 lanae
1256 2004 1496 2139 glomere,
1524 2030 1774 2144 quantum

345 2168 583 2309 Corporis
608 2175 661 2274 in
689 2174 898 2310 plumbo
918 2198 1008 2294 est,
1037 2174 1336 2274 tantundem
1358 2179 1579 2313 pendere
1605 2219 1699 2318 par
1724 2206 1828 2308 est3

346 2342 896 2482 Corporisofficiumest
912 2348 1827 2487 quoniampremereomniadeorsum:

346 2513 536 2620 Contra
560 2545 728 2622 autem
755 2545 937 2623 natura
960 2543 1131 2621 manet
1156 2523 1261 2621 sine
1286 2523 1512 2659 pondere
1539 2524 1727 2629 Inanis.

314 2689 482 2831 Ergo
510 2695 658 2832 quod
675 2734 824 2834 magn
834 2735 915 2795 um
943 2718 1018 2796 est
1043 2735 1206 2834 aeque,
1234 2698 1497 2837 leviusque
1523 2702 1740 2822 videtur,

344 2863 603 2968 Nimirum
630 2869 747 3005 plus
773 2908 878 2970 esse
905 2868 1000 2969 sibi
1027 2870 1251 2973 declarat
1277 2871 1478 2974 Inanis:
1624 2965 1637 2987 ,

340 3037 414 3141 At
439 3066 612 3143 contra
637 3045 838 3181 gravius
863 3045 980 3182 plus
1005 3044 1058 3142 in
1086 3083 1136 3143 se
1163 3049 1384 3183 corporis
1410 3088 1515 3149 esse
1565 3173 1569 3180 ¹

343 3213 579 3338 Dedicat,
607 3241 659 3319 et
682 3221 842 3319 multo
868 3222 1010 3323 vacui
1036 3223 1203 3323 minus
1227 3224 1363 3323 intus
1391 3218 1592 3322 babere.

343 3390 437 3493 Est
461 3363 618 3533 igitur
643 3396 879 3495 nimirum
905 3397 975 3515 id,
1004 3396 1143 3534 quod
1162 3396 1354 3494 ratione
1382 3396 1549 3532 sagaci

346 3564 654 3688 Quaerimus,
682 3567 953 3669 admistum
978 3568 1129 3668 rebus
1157 3571 1300 3706 quod
1328 3567 1486 3669 Inane
1509 3608 1755 3671 vocamus.

414 3741 552 3844 Illud
578 3745 632 3844 in
657 3742 735 3843 bis
752 3742 919 3863 rebus,
947 3782 1010 3843 ne
1035 3767 1086 3843 te
1113 3741 1362 3841 deducere
1387 3780 1504 3841 vero

344 3915 523 4037 Possit,
550 3916 926 4056 quodquidam
952 3920 1170 4056 fingunt,
1199 3953 1506 4051 praecurrere
1532 3953 1704 4053 cogor:

344 4087 537 4192 Cedere
563 4093 948 4231 squammigeris
972 4094 1144 4191 latices
1163 4087 1440 4200 nitentibus
1465 4089 1622 4206 aiunt,

341 4265 409 4366 Et
433 4266 653 4405 liquidas
679 4266 873 4403 aperire
895 4267 1017 4388 vias3
1058 4265 1179 4403 quia
1204 4285 1317 4398 post
1342 4263 1453 4361 loca
1476 4263 1638 4398 pisces

342 4439 620 4579 Linquent,
648 4476 751 4577 quo
777 4439 968 4577 possint
992 4438 1226 4538 cedentes
1252 4441 1511 4539 confluere
1537 4438 1712 4541 undae:

344 4613 426 4717 Sic
453 4616 574 4716 alias
601 4650 808 4752 quoque
833 4651 911 4713 res
936 4614 1069 4712 inter
1094 4650 1145 4711 sc
1173 4649 1315 4746 posse
1342 4613 1545 4731 moveri,
1697 4688 1701 4695 .

342 4788 410 4889 Et
429 4812 622 4889 mutare
648 4788 831 4907 locum,
860 4787 1087 4926 quamvis
1113 4786 1213 4884 sint
1238 4788 1405 4922 omnia
1425 4787 1597 4922 plena:

342 4962 543 5064 Scilicet
567 4961 621 5063 id
645 4961 770 5062 falsa
787 4984 950 5062 totum
970 4962 1163 5060 ratione
1190 4983 1450 5097 receptum
1476 4981 1565 5059 est.

822 5146 829 5155 ·
1074 5144 1095 5185 n
