<?xml version="1.0" encoding="UTF-8"?>
<!DOCTYPE html PUBLIC "-//W3C//DTD XHTML 1.0 Transitional//EN"
    "http://www.w3.org/TR/xhtml1/DTD/xhtml1-transitional.dtd">
<html xmlns="http://www.w3.org/1999/xhtml" xml:lang="en" lang="en">
 <head>
  <title>
</title>
<meta http-equiv="Content-Type" content="text/html;charset=utf-8" />
  <meta name='ocr-system' content='tesseract 3.04.00' />
  <meta name='ocr-capabilities' content='ocr_page ocr_carea ocr_par ocr_line ocrx_word'/>
</head>
<body>
  <div class='ocr_page' id='page_1' title='image "./tlucretiicaride01carugoog_0038.png"; bbox 0 0 4432 5984; ppageno 0'>
   <div class='ocr_carea' id='block_1_1' title="bbox 756 318 1872 463">
    <p class='ocr_par' dir='ltr' id='par_1_1' title="bbox 756 318 1872 463">
     <span class='ocr_line' id='line_1_1' title="bbox 756 318 1872 463; baseline 0.009 -55"><span class='ocrx_word' id='word_1_1' title='bbox 756 320 1032 463; x_wconf 70' lang='lat' dir='ltr'>arnon</span> <span class='ocrx_word' id='word_1_2' title='bbox 1096 318 1456 411; x_wconf 77' lang='lat' dir='ltr'><strong>PRIMUS·</strong></span> <span class='ocrx_word' id='word_1_3' title='bbox 1537 420 1540 427; x_wconf 61' lang='grc'><strong>,</strong></span> <span class='ocrx_word' id='word_1_4' title='bbox 1803 319 1872 422; x_wconf 75' lang='lat' dir='ltr'>ru</span> 
     </span>
    </p>
   </div>
   <div class='ocr_carea' id='block_1_2' title="bbox 358 572 1854 4209">
    <p class='ocr_par' dir='ltr' id='par_1_2' title="bbox 371 572 1663 1414">
     <span class='ocr_line' id='line_1_2' title="bbox 378 572 1575 716; baseline 0.003 -41"><span class='ocrx_word' id='word_1_5' title='bbox 378 572 492 675; x_wconf 91' lang='lat' dir='ltr'>Nec</span> <span class='ocrx_word' id='word_1_6' title='bbox 519 614 717 676; x_wconf 90' lang='lat' dir='ltr'>rursum</span> <span class='ocrx_word' id='word_1_7' title='bbox 744 602 959 680; x_wconf 91' lang='lat' dir='ltr'>cernunt</span> <span class='ocrx_word' id='word_1_8' title='bbox 983 601 1220 716; x_wconf 85' lang='lat' dir='ltr'>exempto</span> <span class='ocrx_word' id='word_1_9' title='bbox 1244 575 1395 678; x_wconf 88' lang='lat' dir='ltr'>rebus</span> <span class='ocrx_word' id='word_1_10' title='bbox 1419 576 1575 697; x_wconf 90' lang='lat' dir='ltr'>inani,</span> 
     </span>
     <span class='ocr_line' id='line_1_3' title="bbox 376 745 1578 892; baseline 0.002 -45"><span class='ocrx_word' id='word_1_11' title='bbox 376 745 567 873; x_wconf 86' lang='lat' dir='ltr'>Omnia</span> <span class='ocrx_word' id='word_1_12' title='bbox 592 749 807 869; x_wconf 86' lang='lat' dir='ltr'>denseri,</span> <span class='ocrx_word' id='word_1_13' title='bbox 834 752 1047 892; x_wconf 85' lang='lat' dir='ltr'>fierique</span> <span class='ocrx_word' id='word_1_14' title='bbox 1072 791 1137 852; x_wconf 86' lang='lat' dir='ltr'>ex</span> <span class='ocrx_word' id='word_1_15' title='bbox 1161 750 1396 852; x_wconf 88' lang='lat' dir='ltr'>omnibns</span> <span class='ocrx_word' id='word_1_16' title='bbox 1421 789 1578 850; x_wconf 90' lang='lat' dir='ltr'>unum</span> 
     </span>
     <span class='ocr_line' id='line_1_4' title="bbox 376 918 1662 1069; baseline 0.003 -47"><span class='ocrx_word' id='word_1_17' title='bbox 376 920 591 1060; x_wconf 78' lang='lat' dir='ltr'>CorpuS,</span> <span class='ocrx_word' id='word_1_18' title='bbox 620 927 691 1025; x_wconf 94' lang='lat' dir='ltr'>nil</span> <span class='ocrx_word' id='word_1_19' title='bbox 717 925 781 1027; x_wconf 89' lang='lat' dir='ltr'>ab</span> <span class='ocrx_word' id='word_1_20' title='bbox 809 965 862 1069; x_wconf 84' lang='lat' dir='ltr'>se</span> <span class='ocrx_word' id='word_1_21' title='bbox 887 918 1029 1065; x_wconf 47' lang='lat' dir='ltr'>&#39;quod</span> <span class='ocrx_word' id='word_1_22' title='bbox 1055 927 1435 1064; x_wconf 87' lang='lat' dir='ltr'>possit-mittere</span> <span class='ocrx_word' id='word_1_23' title='bbox 1461 927 1662 1062; x_wconf 89' lang='lat' dir='ltr'>raptim,</span> 
     </span>
     <span class='ocr_line' id='line_1_5' title="bbox 371 1096 1663 1241; baseline 0.005 -45"><span class='ocrx_word' id='word_1_24' title='bbox 371 1096 584 1198; x_wconf 85' lang='lat' dir='ltr'>AEstifer</span> <span class='ocrx_word' id='word_1_25' title='bbox 602 1101 733 1238; x_wconf 85' lang='lat' dir='ltr'>ignis</span> <span class='ocrx_word' id='word_1_26' title='bbox 758 1102 834 1203; x_wconf 92' lang='lat' dir='ltr'>uti</span> <span class='ocrx_word' id='word_1_27' title='bbox 859 1103 1028 1203; x_wconf 88' lang='lat' dir='ltr'>lumen</span> <span class='ocrx_word' id='word_1_28' title='bbox 1048 1103 1189 1241; x_wconf 88' lang='lat' dir='ltr'>jacit,</span> <span class='ocrx_word' id='word_1_29' title='bbox 1218 1124 1371 1239; x_wconf 89' lang='lat' dir='ltr'>atque</span> <span class='ocrx_word' id='word_1_30' title='bbox 1396 1137 1663 1236; x_wconf 90' lang='lat' dir='ltr'>vaporem:</span> 
     </span>
     <span class='ocr_line' id='line_1_6' title="bbox 375 1256 1662 1414; baseline 0.002 -43"><span class='ocrx_word' id='word_1_31' title='bbox 375 1268 447 1372; x_wconf 95' lang='lat' dir='ltr'>Ut</span> <span class='ocrx_word' id='word_1_32' title='bbox 470 1273 640 1392; x_wconf 85' lang='lat' dir='ltr'>videas</span> <span class='ocrx_word' id='word_1_33' title='bbox 667 1314 767 1376; x_wconf 93' lang='lat' dir='ltr'>non</span> <span class='ocrx_word' id='word_1_34' title='bbox 794 1316 822 1377; x_wconf 92' lang='lat' dir='ltr'>e</span> <span class='ocrx_word' id='word_1_35' title='bbox 849 1277 1045 1413; x_wconf 85' lang='lat' dir='ltr'>stipatis</span> <span class='ocrx_word' id='word_1_36' title='bbox 1068 1271 1299 1414; x_wconf 81' lang='lat' dir='ltr'>partibus</span> <span class='ocrx_word' id='word_1_37' title='bbox 1324 1312 1448 1375; x_wconf 86' lang='lat' dir='ltr'>esse.</span> <span class='ocrx_word' id='word_1_38' title='bbox 1658 1256 1662 1262; x_wconf 31' lang='lat'>¹</span> 
     </span>
    </p>

    <p class='ocr_par' dir='ltr' id='par_1_3' title="bbox 369 1445 1693 2289">
     <span class='ocr_line' id='line_1_7' title="bbox 440 1445 1629 1586; baseline 0.002 -38"><span class='ocrx_word' id='word_1_39' title='bbox 440 1445 596 1567; x_wconf 81' lang='lat' dir='ltr'>Quod</span> <span class='ocrx_word' id='word_1_40' title='bbox 623 1451 662 1548; x_wconf 81' lang='lat' dir='ltr'>si</span> <span class='ocrx_word' id='word_1_41' title='bbox 688 1449 817 1550; x_wconf 86' lang='lat' dir='ltr'>forte</span> <span class='ocrx_word' id='word_1_42' title='bbox 845 1452 948 1552; x_wconf 92' lang='lat' dir='ltr'>ulla</span> <span class='ocrx_word' id='word_1_43' title='bbox 973 1451 1189 1553; x_wconf 88' lang='lat' dir='ltr'>credunt</span> <span class='ocrx_word' id='word_1_44' title='bbox 1212 1450 1404 1550; x_wconf 87' lang='lat' dir='ltr'>ratione</span> <span class='ocrx_word' id='word_1_45' title='bbox 1430 1471 1629 1586; x_wconf 81' lang='lat' dir='ltr'>potesse</span> 
     </span>
     <span class='ocr_line' id='line_1_8' title="bbox 370 1606 1574 1764; baseline 0.003 -44"><span class='ocrx_word' id='word_1_46' title='bbox 370 1617 541 1760; x_wconf 82' lang='lat' dir='ltr'>igneis</span> <span class='ocrx_word' id='word_1_47' title='bbox 566 1625 618 1723; x_wconf 92' lang='lat' dir='ltr'>in</span> <span class='ocrx_word' id='word_1_48' title='bbox 646 1648 775 1725; x_wconf 88' lang='lat' dir='ltr'>coetn</span> <span class='ocrx_word' id='word_1_49' title='bbox 804 1627 1010 1764; x_wconf 85' lang='lat' dir='ltr'>stingui,</span> <span class='ocrx_word' id='word_1_50' title='bbox 1038 1606 1336 1764; x_wconf 83' lang='lat' dir='ltr'>mutareque</span> <span class='ocrx_word' id='word_1_51' title='bbox 1362 1661 1545 1761; x_wconf 86' lang='lat' dir='ltr'>corpus</span> <span class='ocrx_word' id='word_1_52' title='bbox 1561 1666 1574 1749; x_wconf 87' lang='lat'>3</span> 
     </span>
     <span class='ocr_line' id='line_1_9' title="bbox 369 1792 1596 1936; baseline 0.002 -43"><span class='ocrx_word' id='word_1_53' title='bbox 369 1792 573 1897; x_wconf 77' lang='lat' dir='ltr'>Scilicet</span> <span class='ocrx_word' id='word_1_54' title='bbox 597 1838 659 1898; x_wconf 87' lang='lat' dir='ltr'>ex</span> <span class='ocrx_word' id='word_1_55' title='bbox 688 1800 790 1900; x_wconf 92' lang='lat' dir='ltr'>ulla</span> <span class='ocrx_word' id='word_1_56' title='bbox 815 1799 979 1900; x_wconf 82' lang='lat' dir='ltr'>facere</span> <span class='ocrx_word' id='word_1_57' title='bbox 1006 1799 1058 1899; x_wconf 92' lang='lat' dir='ltr'>id</span> <span class='ocrx_word' id='word_1_58' title='bbox 1086 1800 1126 1899; x_wconf 87' lang='lat' dir='ltr'>si</span> <span class='ocrx_word' id='word_1_59' title='bbox 1153 1820 1295 1936; x_wconf 84' lang='lat' dir='ltr'>parte</span> <span class='ocrx_word' id='word_1_60' title='bbox 1315 1821 1596 1935; x_wconf 87' lang='lat' dir='ltr'>reparcent,</span> 
     </span>
     <span class='ocr_line' id='line_1_10' title="bbox 369 1966 1649 2103; baseline 0.004 -35"><span class='ocrx_word' id='word_1_61' title='bbox 369 1966 586 2070; x_wconf 86' lang='lat' dir='ltr'>Occidet</span> <span class='ocrx_word' id='word_1_62' title='bbox 604 1972 668 2072; x_wconf 92' lang='lat' dir='ltr'>ad</span> <span class='ocrx_word' id='word_1_63' title='bbox 688 1971 901 2074; x_wconf 85' lang='lat' dir='ltr'>nihilum</span> <span class='ocrx_word' id='word_1_64' title='bbox 931 1975 1169 2074; x_wconf 89' lang='lat' dir='ltr'>nimirum</span> <span class='ocrx_word' id='word_1_65' title='bbox 1195 1973 1424 2073; x_wconf 84' lang='lat' dir='ltr'>funditus</span> <span class='ocrx_word' id='word_1_66' title='bbox 1450 1973 1601 2073; x_wconf 89' lang='lat' dir='ltr'>ardor</span> <span class='ocrx_word' id='word_1_67' title='bbox 1645 2096 1649 2103; x_wconf 89' lang='lat'><em>.</em></span> 
     </span>
     <span class='ocr_line' id='line_1_11' title="bbox 369 2139 1693 2289; baseline 0.011 -48"><span class='ocrx_word' id='word_1_68' title='bbox 369 2139 566 2264; x_wconf 74' lang='lat' dir='ltr'>Omnia,</span> <span class='ocrx_word' id='word_1_69' title='bbox 595 2168 734 2245; x_wconf 85' lang='lat' dir='ltr'>etex</span> <span class='ocrx_word' id='word_1_70' title='bbox 761 2146 919 2247; x_wconf 87' lang='lat' dir='ltr'>nihilo</span> <span class='ocrx_word' id='word_1_71' title='bbox 947 2146 1070 2250; x_wconf 90' lang='lat' dir='ltr'>fient</span> <span class='ocrx_word' id='word_1_72' title='bbox 1095 2185 1417 2289; x_wconf 89' lang='lat' dir='ltr'>qnaecunqne</span> <span class='ocrx_word' id='word_1_73' title='bbox 1444 2174 1693 2255; x_wconf 83' lang='lat' dir='ltr'>creantur.</span> 
     </span>
    </p>

    <p class='ocr_par' dir='ltr' id='par_1_4' title="bbox 364 2314 1823 2965">
     <span class='ocr_line' id='line_1_12' title="bbox 366 2314 1640 2461; baseline 0.005 -44"><span class='ocrx_word' id='word_1_74' title='bbox 366 2314 420 2418; x_wconf 92' lang='lat' dir='ltr'>N</span> <span class='ocrx_word' id='word_1_75' title='bbox 425 2357 502 2417; x_wconf 87' lang='lat' dir='ltr'>am</span> <span class='ocrx_word' id='word_1_76' title='bbox 533 2320 877 2461; x_wconf 88' lang='lat' dir='ltr'>quodeunque</span> <span class='ocrx_word' id='word_1_77' title='bbox 904 2323 1005 2422; x_wconf 85' lang='lat' dir='ltr'>suis</span> <span class='ocrx_word' id='word_1_78' title='bbox 1030 2347 1280 2423; x_wconf 84' lang='lat' dir='ltr'>mutatum</span> <span class='ocrx_word' id='word_1_79' title='bbox 1308 2322 1492 2424; x_wconf 85' lang='lat' dir='ltr'>finibus</span> <span class='ocrx_word' id='word_1_80' title='bbox 1518 2327 1640 2445; x_wconf 82' lang='lat' dir='ltr'>exit,</span> 
     </span>
     <span class='ocr_line' id='line_1_13' title="bbox 367 2488 1645 2636; baseline 0.008 -45"><span class='ocrx_word' id='word_1_81' title='bbox 367 2488 624 2593; x_wconf 85' lang='lat' dir='ltr'>Continuo</span> <span class='ocrx_word' id='word_1_82' title='bbox 650 2492 746 2595; x_wconf 90' lang='lat' dir='ltr'>hoc</span> <span class='ocrx_word' id='word_1_83' title='bbox 772 2533 904 2596; x_wconf 86' lang='lat' dir='ltr'>mors</span> <span class='ocrx_word' id='word_1_84' title='bbox 931 2519 1007 2595; x_wconf 86' lang='lat' dir='ltr'>est</span> <span class='ocrx_word' id='word_1_85' title='bbox 1031 2497 1180 2618; x_wconf 86' lang='lat' dir='ltr'>illius,</span> <span class='ocrx_word' id='word_1_86' title='bbox 1208 2497 1349 2636; x_wconf 91' lang='lat' dir='ltr'>quod</span> <span class='ocrx_word' id='word_1_87' title='bbox 1375 2498 1474 2597; x_wconf 87' lang='lat' dir='ltr'>fuit</span> <span class='ocrx_word' id='word_1_88' title='bbox 1499 2523 1645 2602; x_wconf 84' lang='lat' dir='ltr'>ante:</span> 
     </span>
     <span class='ocr_line' id='line_1_14' title="bbox 364 2648 1823 2809; baseline 0.008 -43"><span class='ocrx_word' id='word_1_89' title='bbox 364 2665 586 2770; x_wconf 86' lang='lat' dir='ltr'>Proinde</span> <span class='ocrx_word' id='word_1_90' title='bbox 614 2670 808 2809; x_wconf 86' lang='lat' dir='ltr'>aliquid</span> <span class='ocrx_word' id='word_1_91' title='bbox 835 2708 1072 2808; x_wconf 85' lang='lat' dir='ltr'>superare</span> <span class='ocrx_word' id='word_1_92' title='bbox 1097 2648 1298 2772; x_wconf 78' lang='lat' dir='ltr'>neeesse</span> <span class='ocrx_word' id='word_1_93' title='bbox 1325 2693 1401 2771; x_wconf 87' lang='lat' dir='ltr'>est</span> <span class='ocrx_word' id='word_1_94' title='bbox 1424 2671 1675 2773; x_wconf 88' lang='lat' dir='ltr'>incolume</span> <span class='ocrx_word' id='word_1_95' title='bbox 1700 2674 1823 2795; x_wconf 76' lang='lat' dir='ltr'>olli,</span> 
     </span>
     <span class='ocr_line' id='line_1_15' title="bbox 366 2842 1661 2965; baseline 0.002 -19"><span class='ocrx_word' id='word_1_96' title='bbox 366 2842 452 2946; x_wconf 88' lang='lat' dir='ltr'>Ne</span> <span class='ocrx_word' id='word_1_97' title='bbox 478 2845 571 2945; x_wconf 91' lang='lat' dir='ltr'>tibi</span> <span class='ocrx_word' id='word_1_98' title='bbox 598 2883 676 2946; x_wconf 88' lang='lat' dir='ltr'>res</span> <span class='ocrx_word' id='word_1_99' title='bbox 702 2845 914 2946; x_wconf 81' lang='lat' dir='ltr'>redeant</span> <span class='ocrx_word' id='word_1_100' title='bbox 938 2843 1002 2944; x_wconf 87' lang='lat' dir='ltr'>ad</span> <span class='ocrx_word' id='word_1_101' title='bbox 1028 2845 1187 2944; x_wconf 90' lang='lat' dir='ltr'>nilum</span> <span class='ocrx_word' id='word_1_102' title='bbox 1218 2844 1447 2946; x_wconf 87' lang='lat' dir='ltr'>funditus</span> <span class='ocrx_word' id='word_1_103' title='bbox 1472 2885 1661 2965; x_wconf 84' lang='lat' dir='ltr'>ornnes,</span> 
     </span>
    </p>

    <p class='ocr_par' dir='ltr' id='par_1_5' title="bbox 363 3015 1549 3158">
     <span class='ocr_line' id='line_1_16' title="bbox 363 3015 1549 3158; baseline 0.005 -40"><span class='ocrx_word' id='word_1_104' title='bbox 363 3015 446 3118; x_wconf 88' lang='lat' dir='ltr'>De</span> <span class='ocrx_word' id='word_1_105' title='bbox 472 3018 736 3158; x_wconf 88' lang='lat' dir='ltr'>nihiloque</span> <span class='ocrx_word' id='word_1_106' title='bbox 760 3042 935 3119; x_wconf 88' lang='lat' dir='ltr'>renata</span> <span class='ocrx_word' id='word_1_107' title='bbox 959 3020 1172 3119; x_wconf 85' lang='lat' dir='ltr'>virescat</span> <span class='ocrx_word' id='word_1_108' title='bbox 1196 3021 1341 3157; x_wconf 93' lang='lat' dir='ltr'>copia</span> <span class='ocrx_word' id='word_1_109' title='bbox 1364 3058 1549 3125; x_wconf 89' lang='lat' dir='ltr'>rerum.</span> 
     </span>
    </p>

    <p class='ocr_par' dir='ltr' id='par_1_6' title="bbox 359 3193 1854 4030">
     <span class='ocr_line' id='line_1_17' title="bbox 433 3193 1853 3335; baseline 0.004 -40"><span class='ocrx_word' id='word_1_110' title='bbox 433 3193 591 3296; x_wconf 86' lang='lat' dir='ltr'>Nune</span> <span class='ocrx_word' id='word_1_111' title='bbox 616 3196 788 3333; x_wconf 84' lang='lat' dir='ltr'>igitur,</span> <span class='ocrx_word' id='word_1_112' title='bbox 816 3196 1056 3335; x_wconf 90' lang='lat' dir='ltr'>quoniam</span> <span class='ocrx_word' id='word_1_113' title='bbox 1082 3195 1354 3297; x_wconf 87' lang='lat' dir='ltr'>certissima</span> <span class='ocrx_word' id='word_1_114' title='bbox 1380 3233 1592 3333; x_wconf 88' lang='lat' dir='ltr'>corpora</span> <span class='ocrx_word' id='word_1_115' title='bbox 1617 3199 1853 3335; x_wconf 78' lang='lat' dir='ltr'>quaedam</span> 
     </span>
     <span class='ocr_line' id='line_1_18' title="bbox 363 3366 1711 3508; baseline 0.002 -39"><span class='ocrx_word' id='word_1_116' title='bbox 363 3366 510 3490; x_wconf 86' lang='lat' dir='ltr'>Sunt,</span> <span class='ocrx_word' id='word_1_117' title='bbox 540 3408 655 3508; x_wconf 89' lang='lat' dir='ltr'>qnae</span> <span class='ocrx_word' id='word_1_118' title='bbox 682 3390 978 3470; x_wconf 83' lang='lat' dir='ltr'>conservant</span> <span class='ocrx_word' id='word_1_119' title='bbox 1003 3390 1234 3468; x_wconf 91' lang='lat' dir='ltr'>naturam</span> <span class='ocrx_word' id='word_1_120' title='bbox 1261 3367 1459 3507; x_wconf 86' lang='lat' dir='ltr'>semper</span> <span class='ocrx_word' id='word_1_121' title='bbox 1482 3371 1711 3495; x_wconf 89' lang='lat' dir='ltr'>eandem,</span> 
     </span>
     <span class='ocr_line' id='line_1_19' title="bbox 362 3542 1854 3693; baseline 0.004 -49"><span class='ocrx_word' id='word_1_122' title='bbox 362 3544 594 3666; x_wconf 84' lang='lat' dir='ltr'>Quorum</span> <span class='ocrx_word' id='word_1_123' title='bbox 622 3545 781 3663; x_wconf 90' lang='lat' dir='ltr'>abitu,</span> <span class='ocrx_word' id='word_1_124' title='bbox 809 3565 898 3643; x_wconf 86' lang='lat' dir='ltr'>aut</span> <span class='ocrx_word' id='word_1_125' title='bbox 922 3542 1081 3663; x_wconf 90' lang='lat' dir='ltr'>aditu,</span> <span class='ocrx_word' id='word_1_126' title='bbox 1108 3564 1405 3682; x_wconf 87' lang='lat' dir='ltr'>mutatoque</span> <span class='ocrx_word' id='word_1_127' title='bbox 1430 3544 1624 3666; x_wconf 89' lang='lat' dir='ltr'>ordine,</span> <span class='ocrx_word' id='word_1_128' title='bbox 1653 3571 1854 3693; x_wconf 79' lang='lat' dir='ltr'>mutant</span> 
     </span>
     <span class='ocr_line' id='line_1_20' title="bbox 362 3700 1629 3854; baseline -0.003 -32"><span class='ocrx_word' id='word_1_129' title='bbox 362 3719 615 3822; x_wconf 88' lang='lat' dir='ltr'>Naturam</span> <span class='ocrx_word' id='word_1_130' title='bbox 641 3758 737 3840; x_wconf 84' lang='lat' dir='ltr'>res,</span> <span class='ocrx_word' id='word_1_131' title='bbox 764 3741 816 3818; x_wconf 90' lang='lat' dir='ltr'>et</span> <span class='ocrx_word' id='word_1_132' title='bbox 840 3737 1140 3818; x_wconf 90' lang='lat' dir='ltr'>convertunt</span> <span class='ocrx_word' id='word_1_133' title='bbox 1164 3753 1376 3854; x_wconf 88' lang='lat' dir='ltr'>corpora</span> <span class='ocrx_word' id='word_1_134' title='bbox 1400 3756 1535 3843; x_wconf 84' lang='lat' dir='ltr'>sese3</span> <span class='ocrx_word' id='word_1_135' title='bbox 1625 3700 1629 3705; x_wconf 29' lang='lat'>⁸</span> 
     </span>
     <span class='ocr_line' id='line_1_21' title="bbox 359 3890 1654 4030; baseline 0.002 -34"><span class='ocrx_word' id='word_1_136' title='bbox 359 3895 498 3998; x_wconf 88' lang='lat' dir='ltr'>Scire</span> <span class='ocrx_word' id='word_1_137' title='bbox 524 3898 643 3997; x_wconf 90' lang='lat' dir='ltr'>lieet</span> <span class='ocrx_word' id='word_1_138' title='bbox 665 3935 767 3996; x_wconf 91' lang='lat' dir='ltr'>non</span> <span class='ocrx_word' id='word_1_139' title='bbox 793 3931 899 3994; x_wconf 88' lang='lat' dir='ltr'>esse</span> <span class='ocrx_word' id='word_1_140' title='bbox 924 3890 1033 3993; x_wconf 82' lang='lat' dir='ltr'>haee</span> <span class='ocrx_word' id='word_1_141' title='bbox 1060 3893 1209 4029; x_wconf 88' lang='lat' dir='ltr'>ignea</span> <span class='ocrx_word' id='word_1_142' title='bbox 1234 3930 1445 4030; x_wconf 85' lang='lat' dir='ltr'>corpora</span> <span class='ocrx_word' id='word_1_143' title='bbox 1469 3933 1654 3998; x_wconf 90' lang='lat' dir='ltr'>rernm.</span> 
     </span>
    </p>

    <p class='ocr_par' dir='ltr' id='par_1_7' title="bbox 358 4046 1657 4209">
     <span class='ocr_line' id='line_1_22' title="bbox 358 4046 1657 4209; baseline -0.003 -34"><span class='ocrx_word' id='word_1_144' title='bbox 358 4071 452 4175; x_wconf 93' lang='lat' dir='ltr'>Nil</span> <span class='ocrx_word' id='word_1_145' title='bbox 476 4072 688 4209; x_wconf 80' lang='lat' dir='ltr'>referret</span> <span class='ocrx_word' id='word_1_146' title='bbox 712 4072 847 4172; x_wconf 91' lang='lat' dir='ltr'>enim</span> <span class='ocrx_word' id='word_1_147' title='bbox 874 4066 1109 4206; x_wconf 86' lang='lat' dir='ltr'>quaedam</span> <span class='ocrx_word' id='word_1_148' title='bbox 1137 4064 1396 4191; x_wconf 85' lang='lat' dir='ltr'>decedere,</span> <span class='ocrx_word' id='word_1_149' title='bbox 1423 4046 1578 4190; x_wconf 87' lang='lat' dir='ltr'>abire,</span> <span class='ocrx_word' id='word_1_150' title='bbox 1653 4046 1657 4059; x_wconf 31' lang='grc' dir='ltr'>Ι</span> 
     </span>
    </p>
   </div>
   <div class='ocr_carea' id='block_1_3' title="bbox 356 4210 1855 4384">
    <p class='ocr_par' dir='ltr' id='par_1_8' title="bbox 356 4210 1855 4384">
     <span class='ocr_line' id='line_1_23' title="bbox 356 4210 1855 4384; baseline 0.001 -40"><span class='ocrx_word' id='word_1_151' title='bbox 356 4243 528 4384; x_wconf 86' lang='lat' dir='ltr'>Atque</span> <span class='ocrx_word' id='word_1_152' title='bbox 555 4210 654 4344; x_wconf 87' lang='lat' dir='ltr'>alia</span> <span class='ocrx_word' id='word_1_153' title='bbox 678 4242 902 4364; x_wconf 85' lang='lat' dir='ltr'>attribui,</span> <span class='ocrx_word' id='word_1_154' title='bbox 931 4242 1217 4380; x_wconf 87' lang='lat' dir='ltr'>mutarique</span> <span class='ocrx_word' id='word_1_155' title='bbox 1243 4242 1420 4344; x_wconf 92' lang='lat' dir='ltr'>ordine</span> <span class='ocrx_word' id='word_1_156' title='bbox 1448 4244 1702 4381; x_wconf 88' lang='lat' dir='ltr'>quaedam,</span> <span class='ocrx_word' id='word_1_157' title='bbox 1849 4298 1855 4312; x_wconf 94' lang='lat'><strong>·</strong></span> 
     </span>
    </p>
   </div>
   <div class='ocr_carea' id='block_1_4' title="bbox 352 4417 1948 5083">
    <p class='ocr_par' dir='ltr' id='par_1_9' title="bbox 358 4417 1577 4521">
     <span class='ocr_line' id='line_1_24' title="bbox 358 4417 1577 4521; baseline 0.002 -4"><span class='ocrx_word' id='word_1_158' title='bbox 358 4417 411 4518; x_wconf 86' lang='lat' dir='ltr'>Si</span> <span class='ocrx_word' id='word_1_159' title='bbox 438 4442 607 4521; x_wconf 86' lang='lat' dir='ltr'>tamen</span> <span class='ocrx_word' id='word_1_160' title='bbox 633 4420 825 4521; x_wconf 87' lang='lat' dir='ltr'>ardoris</span> <span class='ocrx_word' id='word_1_161' title='bbox 853 4440 1085 4518; x_wconf 86' lang='lat' dir='ltr'>naturam</span> <span class='ocrx_word' id='word_1_162' title='bbox 1110 4438 1292 4517; x_wconf 89' lang='lat' dir='ltr'>cuncta</span> <span class='ocrx_word' id='word_1_163' title='bbox 1316 4439 1577 4521; x_wconf 91' lang='lat' dir='ltr'>tenerent:</span> 
     </span>
    </p>

    <p class='ocr_par' dir='ltr' id='par_1_10' title="bbox 352 4590 1948 5083">
     <span class='ocr_line' id='line_1_25' title="bbox 356 4590 1797 4732; baseline 0.003 -38"><span class='ocrx_word' id='word_1_164' title='bbox 356 4590 498 4731; x_wconf 87' lang='lat' dir='ltr'>Ignis</span> <span class='ocrx_word' id='word_1_165' title='bbox 524 4595 657 4694; x_wconf 91' lang='lat' dir='ltr'>enim</span> <span class='ocrx_word' id='word_1_166' title='bbox 684 4594 815 4694; x_wconf 87' lang='lat' dir='ltr'>foret</span> <span class='ocrx_word' id='word_1_167' title='bbox 837 4590 1156 4712; x_wconf 89' lang='lat' dir='ltr'>omnimodis,</span> <span class='ocrx_word' id='word_1_168' title='bbox 1184 4590 1528 4732; x_wconf 88' lang='lat' dir='ltr'>quodeunque</span> <span class='ocrx_word' id='word_1_169' title='bbox 1554 4619 1797 4700; x_wconf 87' lang='lat' dir='ltr'>crearent.</span> 
     </span>
     <span class='ocr_line' id='line_1_26' title="bbox 352 4763 1948 4913; baseline 0.004 -45"><span class='ocrx_word' id='word_1_170' title='bbox 352 4763 564 4888; x_wconf 89' lang='lat' dir='ltr'>Verum,</span> <span class='ocrx_word' id='word_1_171' title='bbox 586 4790 644 4868; x_wconf 90' lang='lat' dir='ltr'>ut</span> <span class='ocrx_word' id='word_1_172' title='bbox 662 4770 859 4905; x_wconf 88' lang='lat' dir='ltr'>opinor,</span> <span class='ocrx_word' id='word_1_173' title='bbox 885 4770 956 4868; x_wconf 89' lang='lat' dir='ltr'>ita</span> <span class='ocrx_word' id='word_1_174' title='bbox 976 4789 1072 4869; x_wconf 86' lang='lat' dir='ltr'>est:</span> <span class='ocrx_word' id='word_1_175' title='bbox 1096 4790 1215 4868; x_wconf 92' lang='lat' dir='ltr'>sunt</span> <span class='ocrx_word' id='word_1_176' title='bbox 1234 4767 1469 4906; x_wconf 88' lang='lat' dir='ltr'>quaedam</span> <span class='ocrx_word' id='word_1_177' title='bbox 1486 4806 1714 4907; x_wconf 89' lang='lat' dir='ltr'>corpora,</span> <span class='ocrx_word' id='word_1_178' title='bbox 1731 4802 1948 4913; x_wconf 89' lang='lat' dir='ltr'>quorum</span> 
     </span>
     <span class='ocr_line' id='line_1_27' title="bbox 357 4939 1536 5083; baseline 0 -41"><span class='ocrx_word' id='word_1_179' title='bbox 357 4939 662 5067; x_wconf 83' lang='lat' dir='ltr'>Concursus,</span> <span class='ocrx_word' id='word_1_180' title='bbox 688 4967 870 5068; x_wconf 53' lang='lat' dir='ltr'>motum</span> <span class='ocrx_word' id='word_1_181' title='bbox 898 4944 1039 5066; x_wconf 93' lang='lat' dir='ltr'>ord0,</span> <span class='ocrx_word' id='word_1_182' title='bbox 1065 4945 1312 5083; x_wconf 88' lang='lat' dir='ltr'>positura,</span> <span class='ocrx_word' id='word_1_183' title='bbox 1339 4942 1536 5083; x_wconf 85' lang='lat' dir='ltr'>figurae,</span> 
     </span>
    </p>
   </div>
   <div class='ocr_carea' id='block_1_5' title="bbox 0 0 2220 5984">
    <p class='ocr_par' dir='ltr' id='par_1_11' title="bbox 0 0 2220 5984">
     <span class='ocr_line' id='line_1_28' title="bbox 0 0 2220 5984; baseline 0 7"><span class='ocrx_word' id='word_1_184' title='bbox 0 0 2220 5984; x_wconf 95' lang='lat' dir='ltr'> </span> 
     </span>
    </p>
   </div>
  </div>
 </body>
</html>
