4432 5984
679 328 952 418 nlnnn
1014 326 1415 443 ruamus
1687 325 1783 470 trs

292 579 561 680 Paullatim
589 584 789 684 reditio
817 623 1007 704 censue,
1035 584 1355 723 animamque
1375 605 1615 721 receptat.
1692 598 1697 607 '
1775 682 1779 689 .

293 751 420 854 Haec
446 755 604 892 igitur
626 758 780 858 tantis
805 758 895 858 ubi
921 757 1106 857 morbis
1131 795 1338 894 corpore
1364 758 1418 856 in
1444 758 1556 901 ipso

288 927 323 1031 J
326 952 538 1050 actetur,
564 931 859 1070 miserisque
884 930 1045 1031 modis
1065 931 1303 1030 distracta
1325 928 1538 1038 laboret.

292 1100 400 1201 Cur
424 1102 636 1203 eandem
662 1104 825 1243 credis
850 1107 957 1205 sine
981 1140 1190 1240 corpore
1211 1104 1263 1202 in
1289 1107 1403 1203 aire
1429 1129 1605 1242 aperto

292 1277 425 1380 Cum
449 1281 626 1380 validis
650 1281 812 1382 ventis
837 1300 1039 1381 aetatem
1064 1277 1247 1414 degere
1272 1279 1450 1412 posse?

361 1452 431 1556 Et
454 1457 692 1593 quoniam
719 1436 937 1556 mentem
963 1450 1143 1569 sanari,
1170 1488 1353 1588 corpus
1378 1473 1438 1552 ut
1462 1491 1674 1590 aegmm,

292 1623 574 1748 Cernimus,
602 1651 652 1728 et
676 1630 813 1729 flecti
838 1626 1086 1726 medicina
1109 1660 1256 1759 posse
1282 1625 1542 1748 videmus3

290 1797 353 1900 Id
373 1839 578 1940 quoque
599 1801 836 1938 praesagit
861 1797 1118 1898 mortalem
1146 1798 1310 1897 vivere
1337 1820 1589 1899 mentem:

286 1972 493 2074 Addere
519 1975 650 2073 euim
677 1973 880 2109 parteis,
907 1992 993 2070 aut
1016 1968 1191 2068 ordine
1210 1970 1440 2107 trajicere
1460 2010 1663 2111 aequom
1687 1995 1779 2094 est,

287 2146 396 2248 Aut
420 2146 556 2247 aliud
585 2183 817 2283 prorsum
844 2143 907 2243 de
934 2181 1128 2244 summa
1153 2142 1416 2243 detrahere
1441 2146 1606 2268 illum,

291 2317 615 2418 Commutare
641 2317 867 2416 animum
893 2319 1188 2454 quicunque
1214 2315 1456 2439 adoritur,
1484 2342 1537 2418 et
1562 2321 1697 2442 infit,

286 2491 394 2591 Aut
419 2493 568 2591 aliam
594 2490 825 2630 quamvis
851 2510 1084 2589 naturam
1108 2490 1312 2590 flectere
1339 2492 1552 2627 quaerit3

285 2665 358 2765 At
382 2704 551 2804 neque
576 2663 836 2764 transferri
864 2661 959 2763 sibi
984 2666 1186 2800 parteiS,
1214 2701 1307 2762 nec
1332 2662 1489 2762 tribui
1513 2664 1636 2785 volt,

288 2836 577 2940 Immortale
598 2838 736 2976 quod
752 2860 827 2938 est
846 2840 1152 2977 quidquam,
1165 2875 1333 2975 neque
1351 2836 1574 2936 defluere
1590 2835 1748 2938 hilum
1769 2877 1781 2938 z
1941 2972 1943 2976 Ι

287 3010 425 3115 Nam
451 3012 796 3150 quodcunque
822 3014 923 3112 suis
949 3008 1199 3113 mutatum
1224 3009 1412 3110 finibus
1440 3012 1560 3130 exit,
1647 3076 1652 3087 =

288 3181 544 3286 Continuo
569 3182 662 3284 hoc
688 3223 821 3285 mors
846 3209 923 3286 est
946 3187 1081 3285 illius
1107 3184 1246 3323 quod
1273 3183 1373 3283 fuit
1398 3206 1529 3284 ante.

288 3355 426 3495 Ergo
445 3358 640 3457 animus
667 3357 768 3456 sive
796 3359 1041 3495 aegrescit,
1070 3359 1299 3457 mortalia
1324 3359 1468 3494 signa

288 3531 454 3631 Mittit
478 3533 579 3666 (uti
606 3528 796 3661 docui),
827 3569 916 3631 seu
942 3532 1163 3632 flectitur
1187 3571 1217 3630 a
1235 3531 1512 3631 medicina:

289 3702 464 3842 Usque
491 3702 616 3802 adeo
641 3701 779 3802 falsae
805 3705 988 3802 rationi
1013 3743 1131 3804 vcra
1154 3704 1359 3804 videtur

287 3875 388 3978 Res
412 3913 687 3994 occurrere,
715 3897 766 3974 et
791 3842 1036 4014 effugium
1064 3877 1381 4014 praecludere
1406 3877 1567 3995 eunti,

285 4052 616 4188 Ancipitique
641 4047 866 4150 refutatu
893 4054 1186 4153 convincere
1211 4051 1407 4151 falsum.

357 4229 597 4367 Denique
623 4266 756 4365 saepe
782 4225 1036 4326 hominem
1061 4226 1322 4362 paullatim
1351 4222 1604 4322 cernimus
1631 4222 1721 4340 ire,

288 4401 357 4502 Et
382 4402 699 4502 membratim
723 4401 926 4501 vitalem
953 4399 1231 4537 deperdere
1257 4435 1488 4498 sensum:

287 4574 345 4676 In
373 4574 590 4714 pedibus
613 4575 832 4711 primum
859 4574 1044 4710 digitos
1069 4573 1319 4690 livescere,
1346 4592 1400 4669 et
1425 4571 1659 4707 ungueis,

288 4748 416 4851 lude
440 4750 612 4887 pedes,
640 4771 693 4850 et
717 4786 862 4850 crura
887 4747 1018 4847 mori
1032 4786 1047 4869 ;
1072 4767 1192 4883 post
1216 4743 1335 4844 inde
1360 4780 1456 4881 per
1479 4763 1617 4842 artus

287 4923 368 5026 lre
395 4926 517 5026 alios
548 4924 746 5025 tractim
771 4921 929 5062 gelidi
950 4920 1162 5061 vestigia
1185 4916 1339 5021 lethi:

1040 5106 1060 5153 Q
