4432 5984
401 349 465 443 10
710 343 769 430 r.
837 343 1268 439 nocuum-1
1334 350 1548 444 curu

395 587 524 690 Inde
548 589 815 709 enascitur,
839 607 993 726 atque
1017 626 1129 688 oras
1154 589 1204 688 in
1230 589 1434 691 luminis
1460 593 1581 713 exit,

395 762 637 865 Materies
663 762 752 865 ubi
778 765 909 864 inest
934 765 1180 904 cujusque
1206 786 1257 864 et
1280 803 1493 902 corpora
1517 768 1708 904 prima:

390 943 565 1082 Atque
590 942 685 1045 hac
709 982 763 1044 re
787 960 1053 1084 nequeunt
1077 976 1141 1036 ex
1165 936 1400 1037 omnibus
1425 942 1593 1041 omnia
1617 944 1779 1082 gigni,

393 1113 547 1235 Quod
574 1116 721 1216 certis
746 1116 799 1215 in
825 1114 976 1216 rebus
1000 1114 1131 1213 inest
1156 1132 1345 1212 secreta
1368 1111 1594 1217 facultas.

459 1287 728 1410 Praeterea,
756 1328 847 1392 cur
870 1327 986 1391 vere
1011 1325 1192 1406 rosam,
1217 1286 1471 1389 frumenta
1495 1291 1676 1413 calore,
1730 1264 1733 1269 ¹

386 1461 550 1565 Viteis
576 1485 847 1564 auctumno
870 1463 1017 1563 fundi
1043 1461 1256 1562 sudante
1280 1451 1538 1568 videmus:
1682 1571 1688 1578 ,

386 1635 441 1737 Si
466 1675 584 1757 non,
612 1660 748 1738 certa
772 1676 863 1738 suo
890 1636 1011 1775 quia
1035 1658 1263 1773 tempore
1287 1637 1475 1738 semina
1499 1676 1669 1741 rerum
1766 1632 1769 1637 ¹

342 1939 345 1943 Ι
387 1809 517 1912 Cum
545 1814 916 1931 confluxerunt,
943 1810 1122 1947 patefit
1147 1809 1491 1950 quodcunque
1518 1839 1732 1939 creatur,

382 1983 524 2087 Dum
550 2009 872 2122 tempestates
898 1986 1096 2105 adsunt,
1123 2007 1175 2083 et
1198 1983 1365 2086 vivida
1388 1985 1538 2086 tellus

316 2218 321 2231 ·
378 2158 514 2260 Tuto
540 2199 618 2260 res
635 2183 832 2260 teneras
858 2157 1004 2259 effert
1027 2161 1080 2258 in
1105 2159 1310 2258 luminis
1334 2195 1445 2259 oras
1462 2162 1498 2303 l*

381 2330 536 2456 Quod
562 2337 602 2435 si
629 2335 691 2435 de
717 2332 878 2434 nihilo
903 2334 1098 2453 fierent,
1127 2329 1294 2432 subito
1320 2360 1651 2440 exorerentur

379 2509 579 2613 Incerto
605 2512 785 2647 spatio,
808 2531 966 2647 atque
992 2508 1167 2607 alienis
1190 2505 1420 2643 partibus
1446 2513 1598 2615 anni:

378 2684 586 2825 Quippe
610 2686 699 2786 ubi
726 2688 867 2787 nulla
890 2684 1057 2783 forent
1079 2682 1371 2818 primordia,
1399 2723 1515 2822 quae
1540 2692 1750 2826 genitali

377 2856 605 2961 Concilio
630 2882 836 2999 possent
861 2857 1017 2959 arceri
1042 2878 1269 2991 tempore
1294 2856 1488 2994 iniquo.

444 3033 559 3135 Nec
583 3073 734 3173 porro
761 3032 1006 3170 augendis
1029 3027 1182 3128 rebus
1206 3029 1367 3164 spatio
1392 3028 1523 3132 foret
1547 3074 1666 3147 usus

373 3205 590 3308 Seminis
615 3207 678 3306 ad
705 3208 909 3324 coitum,
948 3242 975 3302 e
999 3199 1160 3301 nihilo
1186 3201 1226 3299 si
1252 3238 1471 3303 crescere
1496 3235 1716 3342 possent.

372 3366 509 3483 Nam
535 3382 716 3481 fierent
732 3380 944 3517 juvenes
970 3373 1136 3477 subito
1162 3413 1226 3473 ex
1245 3374 1522 3479 infantibus
1546 3388 1745 3519 parvis3

371 3553 417 3655 E
441 3577 677 3692 terraque
704 3576 880 3654 exorta
903 3573 1111 3689 repente
1137 3547 1342 3648 arbusta
1366 3551 1583 3663 salirent

371 3715 603 3847 Quorum
629 3728 703 3826 nil
728 3727 836 3825 lieri
863 3723 1185 3824 manifestum
1213 3744 1302 3842 est,
1330 3728 1498 3826 omnia
1524 3735 1733 3867 quando

366 3898 638 4002 Paullatim
663 3922 893 4001 crescunt
917 3901 1002 4036 (ut
1024 3934 1118 4034 par
1141 3898 1242 4032 est)
1268 3902 1455 4000 semine
1480 3929 1632 4028 certe,

370 4073 758 4213 Crescendoque
784 4112 945 4212 genus
971 4092 1202 4195 servant3
1240 4095 1298 4173 ut
1322 4112 1525 4178 noscere
1550 4086 1710 4217 possis

367 4244 608 4389 Quaeque
627 4288 717 4351 sua
741 4250 805 4351 de
831 4248 1039 4349 materia
1063 4245 1410 4383 grandescere,
1437 4252 1625 4393 alique.

435 4419 554 4524 Huc
579 4422 773 4524 accedit
796 4425 873 4524 uti
898 4424 1004 4523 sine
1030 4420 1176 4520 certis
1201 4418 1451 4525 imbribus
1474 4431 1593 4530 anni

365 4592 616 4697 Laetificos
641 4618 862 4736 nequeat
886 4596 1035 4696 foetns
1060 4592 1354 4698 submittere
1378 4600 1560 4727 tellus3

363 4766 477 4870 Nec
502 4806 653 4904 porro
679 4794 868 4871 secreta
892 4766 1005 4870 cibo
1030 4790 1212 4867 natura
1237 4770 1549 4877 animantum

359 4941 650 5084 Propagare
673 4984 835 5085 genus
857 4946 1034 5085 possit,
1069 4943 1326 5082 vitamque
1351 4951 1516 5051 tueri:
