4432 5984
776 423 1047 514 LIBER
1108 422 1453 516 SEXTUS.
1791 426 1892 537 273

382 773 388 782 .
465 677 620 782 Nilus
646 683 699 782 in
724 707 949 785 aestatem
976 686 1168 805 crescit,
1197 687 1491 825 campisque
1518 687 1774 808 redundat

394 851 589 958 Unicus
614 858 665 956 in
694 861 840 959 terris
865 858 1084 998 AEgypti
1112 864 1264 962 totius
1291 866 1466 966 amnis

394 1028 446 1129 Is
471 1033 604 1171 rigat
627 1034 916 1174 AEgyptum
942 1038 1164 1137 medium
1193 1076 1285 1175 per
1310 1077 1445 1177 saepe
1472 1039 1704 1162 calorem,

393 1205 503 1306 Aut
526 1210 650 1347 'quia
676 1234 795 1310 sunt
820 1233 992 1311 aestate
1019 1211 1281 1348 aquilones
1308 1215 1435 1313 ostia
1460 1237 1635 1315 contra

393 1378 531 1481 Auni
558 1406 786 1522 tempore
813 1425 890 1506 eo,
918 1424 1021 1524 quo
1049 1383 1222 1487 Etesia
1246 1388 1409 1488 flabra
1433 1389 1697 1492 feruntur:

327 1619 328 1622 κ
395 1552 465 1656 Et
491 1581 666 1659 contra
689 1562 902 1662 fluvium
929 1563 1111 1661 ssantes
1136 1587 1469 1686 remorantur,
1497 1588 1548 1665 et
1573 1567 1745 1669 undas

398 1727 650 1870 Cogentes
667 1772 847 1859 sursus
874 1735 1090 1872 replent,
1118 1762 1415 1877 coguntque
1441 1756 1672 1842 manere

397 1902 534 2008 Nam
564 1908 721 2010 dubio
747 1914 925 2049 procul
951 1910 1061 2012 haec
1088 1913 1296 2015 adverso
1323 1914 1484 2015 flabra
1509 1914 1744 2017 feruntur
1783 1955 1786 1960 ·

396 2082 647 2207 Flumine,
677 2126 793 2225 quae
819 2091 1004 2228 gelidis
1031 2131 1060 2191 a
1085 2091 1241 2191 stellis
1269 2091 1376 2190 axis
1401 2103 1656 2228 aguntur:
1782 2127 1786 2136 ·

397 2258 491 2361 Ille
517 2301 580 2361 ex
607 2263 824 2365 aestifera
847 2269 1144 2404 parti‘venit
1170 2267 1330 2366 amnis
1357 2263 1420 2365 ab
1446 2288 1617 2365 austro

396 2435 540 2538 luter
564 2441 712 2578 nigra
736 2443 914 2563 virtlm,
941 2465 1279 2580 percoctaque
1300 2440 1453 2541 'saecla
1478 2442 1677 2563 calore,'

399 2610 648 2717 Exoriens
674 2618 877 2753 penitus
902 2615 1073 2716 rnedia
1098 2615 1162 2717 ab
1189 2617 1396 2752 regione
1426 2615 1542 2717 diei

469 2791 562 2891 Est
588 2829 812 2930 quoque,
833 2793 908 2892 uti
935 2791 1095 2929 possit
1119 2830 1336 2929 magnus
1361 2804 1631 2929 congestus
1660 2831 1825 2894 arenae
1868 2810 1877 2889 1
1926 2832 1950 2877 ο

284 2983 288 2991 ’
399 2965 663 3068 Fluctibus
688 2966 907 3067 adversis
933 2968 1162 3106 oppilare
1188 2965 1315 3062 ostia
1340 2987 1530 3084 contra,

400 3139 568 3261 Quom
598 3180 734 3241 mare
760 3148 1046 3278 permotum
1073 3139 1235 3241 ventis
1262 3140 1366 3239 ruit
1393 3140 1528 3239 intus
1554 3177 1773 3240 arenam.

400 3317 519 3437 Quo
545 3318 604 3416 fit
630 3318 704 3416 nti
730 3338 879 3453 pacto
906 3315 1036 3416 liber
1060 3317 1228 3415 minus
1255 3316 1421 3416 exitus
1448 3316 1601 3434 amni,

398 3490 467 3591 Et
492 3490 745 3628 proclivus
773 3489 891 3588 item
920 3489 1008 3589 fiat
1033 3492 1199 3589 miuus
1227 3492 1445 3628 impetus
1472 3490 1638 3590 undis.

469 3667 551 3767 Fit
578 3703 801 3804 quoque,
823 3667 899 3765 uti
920 3668 1107 3803 pluviae
1133 3666 1300 3767 forsan
1327 3669 1489 3805 magis
1515 3664 1579 3765 ad
1607 3688 1761 3803 caput
1787 3667 1894 3805 ejus

396 3841 648 3979 Tempore
674 3879 733 3939 eo
759 3840 1031 3979 fiant,'quo
1059 3840 1231 3943 Etesia
1256 3841 1418 3942 flabra
1443 3841 1741 3979 aquilonum

399 4014 597 4149 Nubila
621 4015 898 4152 conjiciunt
924 4018 975 4115 in
1002 4053 1084 4116 eas
1110 4040 1235 4119 tuuc
1261 4017 1429 4118 omnia
1453 4014 1670 4154 parteis:

400 4192 600 4295 Scilicet
627 4191 688 4291 ad
717 4192 934 4292 mediam
959 4193 1219 4330 regionem
1247 4193 1406 4330 ejecta
1430 4189 1531 4289 diei

399 4367 567 4489 Quom
596 4388 954 4484 convenerunt,
982 4364 1053 4467 ibi
1081 4366 1144 4466 ad
1172 4368 1297 4467 altos
1323 4365 1545 4502 denique
1572 4364 1786 4465 monteis

399 4542 666 4645 Contrusae
692 4541 853 4641 nubes
879 4566 1147 4680 coguntur,
1173 4544 1327 4682 vique
1353 4559 1671 4678 premuntur.

468 4717 637 4819 Forsit
661 4740 715 4818 et
739 4715 1043 4856 AEthiopum
1070 4721 1273 4857 penitus
1300 4690 1363 4816 de
1389 4711 1647 4814 montibus
1673 4715 1786 4816 altis

380 4895 622 5027 Crescat,
650 4894 738 4995 ubi
764 4896 815 4995 in
842 4913 1045 5033 campos
1071 4895 1210 4997 albas
1237 4888 1542 4993 descendere
1568 4891 1804 5027 ningueis
1911 4916 1915 4921 “
1975 4988 2002 5004 ,,

353 5118 354 5122 ¹
395 5072 636 5176 Tabificis
662 5070 852 5211 subigit
877 5070 1030 5175 radiis
1056 5074 1129 5175 sol
1155 5070 1326 5173 omnia
1350 5068 1583 5169 lustrans.

1122 5257 1138 5306 2
1150 5267 1167 5305 0
