4432 5984
363 368 461 467 184
726 373 785 462 Τ.
838 367 1272 461 LUCRETII
1338 364 1552 459 CARI

362 635 587 771 Corpore
614 630 678 731 de
703 631 868 769 patrio
894 653 945 730 et
969 652 1196 729 materno
1222 626 1466 761 sanguine
1492 636 1770 745 crescunt,'

360 808 565 909 Semina
591 846 747 946 quoin
775 803 987 905 Veneris
1013 808 1226 907 stimulis
1252 806 1415 905 excita
1440 843 1533 945 per
1557 796 1702 907 artus
1746 816 1750 821 ’

362 980 530 1083 Obvia
556 981 786 1082 eoullixit
809 980 1105 1115 conspirans
1131 1003 1337 1080 mutuus
1362 982 1528 1101 ardor,

363 1156 431 1258 Et
454 1194 621 1293 neque
642 1178 813 1255 utrum
842 1156 1096 1289 superavit
1120 1192 1311 1274 eorum,
1333 1196 1425 1257 nec
1444 1166 1750 1293 superatum
1773 1173 1879 1253 est.

361 1330 445 1430 Fit
470 1368 695 1470 quoque,
724 1350 783 1428 ut
807 1326 1063 1427 interdum
1091 1327 1276 1428 similes
1302 1332 1541 1432 exsistere
1566 1364 1796 1428 avorum

361 1501 578 1623 Possint,
606 1525 658 1602 et
682 1501 904 1601 referant
926 1539 1226 1637 proavorum
1254 1542 1389 1642 saepe
1414 1504 1620 1642 figuras,

361 1676 653 1815 Propterea,
682 1677 806 1815 quia
832 1680 990 1778 nrulta
1016 1681 1178 1781 modis
1202 1682 1480 1818 primordia
1504 1679 1680 1781 multis

363 1850 520 1954 Mista
546 1891 635 1953 suo
662 1854 828 1953 celant
854 1856 903 1953 in
931 1894 1140 1992 corpore
1167 1856 1303 1994 saepe
1331 1878 1581 1993 parentes,

364 2027 496 2148 Quae
522 2028 752 2166 patribus
777 2051 945 2165 patres
971 2031 1182 2131 tradunt
1205 2069 1235 2130 a
1261 2031 1416 2168 stirpe
1440 2026 1701 2167 profecta:

363 2203 490 2305 Inde
517 2202 692 2305 Venus
718 2206 854 2303 varia
878 2204 1115 2340 producit
1141 2226 1272 2303 sorte
1299 2203 1518 2340 figuras3

362 2376 725 2515 Majorumque
751 2377 905 2479 refert
930 2381 1109 2502 voltus
1135 2420 1402 2520 vocesque,
1429 2414 1736 2515 comasque;
1836 2388 1840 2399 '

364 2551 796 2690 Quandoquidem
824 2552 982 2653 nihilo
1008 2556 1173 2653 rninus
1199 2553 1307 2655 baec
1335 2554 1398 2653 de
1424 2552 1612 2653 semine
1637 2572 1794 2653 certo

363 2726 534 2845 Fiunt,
562 2762 717 2863 quam
743 2723 910 2845 facies,
937 2750 988 2825 et
1013 2766 1237 2865 corpora,
1265 2726 1593 2864 nienrbraque
1619 2722 1801 2827 nobis.

362 2898 433 2999 Et
459 2897 705 2997 muliebre
730 2898 893 2998 oritur
917 2903 1081 3037 patrio
1108 2902 1170 3003 de
1198 2906 1383 3004 semine
1409 2899 1643 3021 saeclum3
1713 2918 1717 2925 ’

363 3071 706 3210 Maternoque
735 3112 894 3173 mares
920 3079 1170 3178 exsistunt
1195 3114 1402 3214 corpore
1428 3074 1567 3174 creti.
1716 3090 1721 3099 '

364 3244 577 3383 Sernper
603 3247 735 3345 enirn
763 3270 938 3378 partus
965 3248 1156 3385 duplici
1185 3248 1247 3348 dc
1274 3249 1464 3348 sernine
1489 3264 1718 3363 constan

363 3420 555 3558 Atque,
585 3420 683 3518 utri
711 3421 871 3519 simile
892 3445 967 3521 est
982 3424 1141 3560 magis
1166 3422 1236 3542 id,
1258 3422 1617 3560 quodcumque
1637 3440 1883 3545 creatur,

367 3591 494 3730 Ejus
520 3591 676 3691 habet
699 3593 815 3729 plus
840 3619 984 3730 parte
1011 3635 1175 3735 aequa,
1198 3598 1336 3736 quod
1362 3636 1565 3697 cernere
1590 3595 1780 3733 possis,

368 3770 482 3871 Sive
507 3771 669 3869 rirbrn
697 3767 912 3889 suboles2
942 3772 1041 3871 sive
1068 3796 1143 3871 est
1167 3770 1427 3872 muliebris
1452 3772 1609 3908 origo,

439 3943 489 4045 N
495 3983 551 4044 ec
578 3944 747 4042 divina
773 3967 936 4042 satum
962 3948 1231 4081 genitalem
1261 3946 1469 4046 numina
1488 3946 1784 4085 quoiquam

368 4117 686 4239 Absterrent,
713 4143 859 4257 pater
884 4158 913 4218 a
939 4121 1067 4218 natis
1093 4159 1157 4219 nc
1185 4118 1417 4219 dulcibus
1438 4156 1663 4257 unquam

369 4296 691 4432 Adpelletur‚
720 4319 771 4394 et
796 4320 854 4396 ut
880 4297 1034 4395 sterili
1066 4292 1261 4392 Venere
1288 4294 1458 4429 exigat
1484 4328 1674 4414 aevorn3

369 4468 522 4589 Quod
552 4473 781 4609 plerique
807 4492 1018 4609 putant:
1059 4492 1110 4567 et
1133 4466 1293 4569 inulto
1320 4461 1566 4600 sanguine
1591 4466 1765 4567 moes'ti
1874 4492 1881 4499 “

372 4642 733 4782 Conspergunt
758 4683 885 4763 aras,
911 4643 1220 4778 adolentque
1248 4637 1423 4736 altaria
1449 4635 1608 4755 donis,
1668 4656 1671 4661 '

370 4817 446 4919 Ut
471 4820 701 4956 gravidas
728 4819 943 4918 reddant
967 4853 1150 4916 uxores
1176 4815 1364 4912 semine
1389 4812 1547 4947 largo.
1634 4834 1637 4839 '

373 4991 743 5132 Nequidquam
771 4993 936 5095 divbnr
962 4980 1166 5109 numen,
1196 4989 1473 5126 sorteisque
1498 4987 1758 5126 fatigant:
1819 5064 1824 5071 ·
