4432 5984
361 253 436 367 70
707 255 770 345 Τ.
836 251 1273 347 LUCRETII
1335 250 1550 346 calu

366 513 524 636 Quod
547 552 737 653 genere
760 553 825 617 ex
850 551 957 614 uno
981 514 1226 614 consistat
1246 512 1649 653 principiorum3

364 687 482 792 Nec
508 688 813 828 quidquam,
840 687 982 829 quod
1007 696 1109 790 noir
1135 690 1378 828 permisto
1400 689 1595 789 semine
1617 710 1857 789 constet.

364 860 436 965 Et
453 902 608 1004 quam
635 865 870 1005 quidque
895 867 1056 1005 magis
1081 867 1265 967 multas
1287 865 1363 964 vis
1386 862 1614 1001 possidet
1633 863 1690 964 in
1714 900 1799 983 se,

363 1040 542 1177 Atque
565 1062 860 1177 potestates,
887 1041 961 1141 ita
982 1041 1152 1178 pluria
1174 1039 1542 1177 principiorum

365 1206 430 1312 ln
454 1250 563 1312 sese
587 1251 792 1350 genera,
818 1253 876 1315 ac
900 1214 1063 1315 varias
1080 1213 1232 1314 docet
1253 1250 1361 1313 esse
1385 1211 1592 1350 figuras.

440 1383 720 1525 Principio,
745 1385 923 1489 Tellus
945 1385 1101 1489 babet
1123 1389 1176 1488 in
1203 1425 1257 1487 se
1280 1425 1495 1526 corpora
1516 1389 1699 1527 prima,

367 1560 524 1665 Unde
556 1602 696 1664 mare
721 1566 1023 1665 immensum
1047 1564 1306 1665 voiventes
1330 1563 1546 1663 flumina
1566 1561 1735 1666 fontes

367 1737 603 1839 Adsidue
627 1763 902 1841 renovent:
939 1739 1111 1860 babet,
1137 1740 1283 1878 ignes
1308 1737 1444 1839 unde
1468 1739 1715 1843 oriantur.

370 1908 511 2013 Nam
529 1911 709 2014 multis
729 1952 972 2016 succensa
995 1915 1117 2015 locis
1142 1911 1325 2013 ardent
1347 1911 1456 2013 sola
1476 1934 1658 2037 terrae;
1872 2012 1882 2025 ,

368 2087 586 2192 Eximiis
611 2129 728 2193 vero
752 2089 879 2191 furit
901 2087 1109 2228 ignibus
1133 2089 1354 2225 impetus
1378 2088 1568 2193 AEtnae.

368 2259 505 2365 Tum
530 2302 685 2404 porro
709 2263 899 2367 nitidas
922 2266 1114 2403 fruges,
1141 2262 1453 2403 arbustaque
1478 2264 1598 2365 loeta

269 2444 278 2459 '
371 2436 634 2541 Gentibus
656 2435 893 2541 burnonis
916 2437 1073 2540 babet
1096 2438 1235 2540 unde
1260 2440 1503 2541 extollere
1526 2443 1702 2579 possit.

369 2612 527 2717 Unde
552 2613 707 2713 etiam
724 2613 912 2715 fluidas
935 2613 1177 2734 frondeis,
1202 2636 1255 2712 et
1278 2613 1471 2751 pabula
1493 2615 1614 2716 laeta

371 2785 676 2926 Montivago
700 2789 876 2925 generi
901 2792 1062 2927 possit
1079 2789 1312 2929 praebere
1337 2788 1577 2893 ferarum.

439 2959 616 3084 Quare
641 2999 829 3100 magua
851 2961 1006 3065 dedm
1030 2989 1211 3085 mater,
1237 2987 1502 3101 materque
1527 2961 1769 3084 ferarum,

370 3134 443 3240 Et
469 3139 629 3239 nostri
647 3138 883 3277 genetrix
908 3136 1018 3240 baec
1044 3138 1182 3239 dicta
1203 3159 1281 3237 est
1302 3137 1527 3273 corporis
1549 3175 1669 3237 nna.

371 3310 524 3416 Hanc
546 3336 743 3415 veteres
769 3311 985 3452 Grajdm
1008 3313 1145 3415 docti
1170 3314 1397 3413 cecinere
1416 3335 1590 3449 poetae

247 3500 255 3525 '
373 3490 596 3593 Sedibus
618 3491 671 3591 in
697 3529 851 3591 curru
876 3489 1080 3627 bijugos
1103 3488 1295 3625 agitare
1319 3487 1521 3589 leones:

365 3664 522 3777 ‚Aziris
547 3666 600 3767 in
624 3666 791 3804 spatio
816 3700 1053 3800 magnam
1076 3660 1304 3798 pendere
1329 3660 1569 3762 docentes

370 3835 660 3963 Tellurem3
698 3876 869 3977 neque
894 3875 1041 3975 posse
1067 3838 1120 3934 in
1144 3856 1280 3934 tena
1302 3835 1477 3934 sistere
1501 3856 1704 3937 terram.

371 4011 676 4150 Adjunxere
700 4010 849 4131 feras,
876 4012 1000 4148 quia
1024 4009 1255 4147 quamvis
1279 4006 1436 4107 effera
1458 4009 1627 4146 proles

300 4197 303 4200 ’
376 4185 573 4288 Officiis
597 4186 753 4288 debet
776 4184 965 4287 molliri
988 4182 1121 4284 victa
1138 4205 1426 4320 parentum.
1474 4268 1481 4276 .

373 4357 671 4498 Muralique
696 4380 853 4497 caput
870 4394 1123 4457 summum
1148 4355 1351 4456 cinxere
1376 4394 1590 4482 corona3

375 4532 590 4636 Eximiis
613 4536 814 4636 munita
836 4533 960 4633 locis
985 4528 1126 4668 quod
1151 4531 1368 4630 sustinet
1389 4527 1592 4631 urbeis:

376 4705 496 4827 Quo
521 4747 659 4809 nunc
678 4707 866 4845 insigni
891 4743 987 4844 per
1008 4741 1220 4841 magnas
1244 4703 1463 4841 praedita
1478 4726 1639 4806 terras

376 4881 628 4985 Horrifioe
654 4884 816 4984 fertur
839 4881 1025 4982 divinae
1049 4877 1224 4978 matris
1248 4879 1432 5014 imago.
