4432 5984
370 365 475 477 270
703 365 762 453 Τ.
829 361 1260 454 LUCRETII
1328 358 1538 451 CARI
1625 359 1628 362 ’

296 683 301 696 ·
372 626 667 732 Peroolatur
693 624 830 724 enim
855 625 1009 757 virus,
1037 647 1277 763 retroque
1303 604 1532 721 remanat¹
1578 718 1581 726 .

374 799 618 902 Materies
644 799 886 920 humoris
913 798 1052 899 etad
1079 821 1235 943 caput
1261 794 1496 897 amnibus
1519 797 1684 895 omnis

378 971 636 1076 Confluit:
674 975 794 1075 inde
821 1011 973 1112 super
996 971 1314 1105 terrasredit
1340 971 1543 1107 agmine
1570 970 1725 1090 dulci,
1842 1094 1845 1099 Ι
1923 1002 1937 1026 ’

380 1144 500 1268 Qua
518 1147 598 1248 via
623 1167 756 1246 secta
782 1148 935 1246 semel
960 1147 1159 1287 liquido
1183 1147 1317 1286 pede
1343 1146 1529 1246 detulit
1554 1145 1733 1247 undas.
1845 1177 1848 1185 ·

450 1321 608 1424 Nunc
632 1322 760 1420 ratio
790 1357 907 1458 quae
932 1322 1015 1443 sit,
1041 1359 1133 1460 per
1157 1321 1345 1423 fauceis
1371 1322 1555 1422 montis
1583 1321 1841 1431 utAEtnae.

382 1496 660 1636 Exspirent
683 1497 827 1633 ignes
854 1495 1111 1596 interdum
1136 1479 1341 1596 turbine
1367 1518 1527 1617 tanto,
1789 1501 1793 1508 ’

285 1708 289 1715 ·
325 1648 332 1681 ’
382 1669 702 1809 Expediam:
741 1671 1071 1806 nequeenim
1099 1670 1182 1770 dia
1207 1670 1271 1770 de
1299 1670 1441 1770 clade
1467 1693 1638 1771 coorta

384 1844 626 1947 Flammae
653 1866 926 1981 tempestas
954 1842 1180 1944 Sicultlm
1207 1846 1464 1947 dominata
1489 1886 1582 1985 per
1605 1885 1754 1986 agros

386 2017 636 2119 Finitimis
662 2018 726 2119 ad
755 2056 805 2118 se
832 2020 1078 2119 convertit
1103 2017 1343 2156 gentibus
1368 2059 1471 2142 ora,

363 2187 366 2194 ’
387 2192 603 2295 Fumida
628 2232 790 2334 quom
815 2194 925 2294 coeli
952 2193 1224 2293 scintillare
1248 2196 1419 2294 omnia
1443 2198 1635 2334 templa

390 2368 672 2469 Cernentes
695 2367 880 2507 pavida
905 2365 1228 2502 complebant
1252 2392 1459 2507 pectora
1485 2410 1624 2492 cura,

282 2568 285 2580 '
391 2541 532 2665 Quid
559 2546 822 2647 moliretur
848 2580 1016 2645 rerum
1043 2563 1228 2642 natura
1253 2583 1513 2650 novarum.

463 2719 617 2831 Hisce
642 2719 736 2821 tibi
762 2719 913 2861 rebus
939 2719 1039 2818 late
1065 2740 1139 2817 est
1167 2718 1371 2859 alteque
1396 2719 1694 2843 videndum,

392 2893 462 2995 Et
487 2896 636 3033 longe
663 2918 868 2997 cunctas
892 2896 944 2994 in
970 2895 1159 3032 parteis
1186 2895 1577 3033 dispiciendum,

392 3071 469 3176 Ut
494 3070 845 3192 reminiscaris,
874 3107 1119 3171 summam
1146 3109 1315 3170 rerum
1341 3109 1447 3171 esse
1471 3070 1799 3208 profundam,

395 3245 465 3347 Et
488 3247 674 3366 videas,
700 3246 882 3347 ooelum
908 3251 1121 3345 summai
1145 3247 1300 3345 totius
1326 3285 1484 3348 unum

397 3418 566 3542 Quam
594 3421 657 3520 sit
682 3422 889 3560 parvola
913 3458 1046 3558 pars,
1071 3443 1124 3520 et
1148 3457 1303 3557 quam
1329 3421 1615 3522 multesima
1641 3445 1865 3525 constet:

263 3634 268 3642 ’
398 3593 511 3697 Nec
530 3618 636 3695 tota
660 3632 794 3733 pars,
813 3593 964 3694 homo
989 3601 1142 3694 terrai
1169 3617 1328 3739 quota
1352 3596 1507 3696 totius
1533 3634 1680 3702 unuS.

399 3765 553 3888 Quod
581 3765 709 3868 bene
735 3770 1050 3907 propositum
1078 3769 1118 3867 si
1144 3767 1299 3905 plane
1323 3792 1609 3892 contueare,

398 3943 475 4044 Ac
501 3943 670 4046 videas
695 3944 878 4081 plane3
916 3942 1088 4042 mirari
1114 3942 1276 4042 multa
1300 3942 1575 4082 relinquas.

472 4116 614 4220 Num
643 4121 757 4258 quis
782 4120 916 4219 enim
943 4120 1170 4218 nostrtlm
1196 4086 1426 4238 miratur,
1456 4118 1615 4258 siquis
1641 4118 1693 4218 in
1720 4142 1863 4222 artus

396 4293 616 4432 ,Accepit
640 4293 801 4395 calido
827 4291 1012 4393 febrim
1038 4291 1234 4392 fervore
1260 4316 1498 4414 coortam,
1671 4431 1675 4436 ,

401 4466 511 4569 Aut
535 4469 691 4569 aliurn
719 4468 948 4608 quemvis
972 4464 1144 4566 morbi
1164 4504 1257 4603 per
1281 4466 1507 4568 membra
1534 4468 1793 4571 dolorem?

406 4639 739 4779 Obturgescit
763 4635 897 4739 enim
924 4639 1092 4741 subito
1117 4679 1225 4778 poa,
1252 4644 1430 4780 arripit
1455 4682 1568 4746 acer

407 4815 556 4954 Saepe
582 4816 726 4917 dolor
750 4815 961 4938 denteiS,
989 4819 1160 4919 oculos
1188 4817 1382 4919 invadit
1407 4817 1460 4917 in
1485 4819 1659 4957 ipsos:

408 4991 620 5094 Exsistit
643 5031 781 5095 sacer
805 4991 956 5132 ignis
982 5015 1034 5094 et
1058 4994 1162 5095 urit
1187 5030 1396 5136 corpore
1422 5030 1631 5133 serpens
