4432 5984
386 332 483 435 190
706 338 765 424 Τ.
833 332 1253 425 LUCRETII
1319 334 1531 429 CARI

383 592 730 731 Nativomque
756 593 921 713 simul,
949 593 1076 695 ratio
1101 592 1370 694 reddunda
1393 595 1473 715 sit,
1501 634 1629 699 esse:

379 766 449 867 Et
475 766 663 906 quibus
687 767 771 865 ille
798 766 959 867 modis
985 808 1281 907 congressus
1307 770 1534 871 materiai

364 942 629 1043 ‚Fundarit
653 965 856 1062 terram,
883 944 1081 1065 ooelum,
1109 983 1263 1063 mare,
1290 942 1469 1065 sidera,
1491 946 1665 1068 solem,

386 1117 650 1255 lunaique
674 1114 918 1253 globum3
955 1140 1065 1217 tum
1093 1158 1210 1259 quae
1237 1120 1420 1220 tellure
1445 1121 1734 1223 animantes

378 1289 697 1409 Exstiterint‚
725 1312 776 1388 et
801 1330 919 1427 quae
945 1291 1086 1392 nullo
1112 1294 1214 1391 sint
1237 1314 1465 1429 tempore
1489 1314 1622 1393 natae
1645 1335 1685 1421 :¹

378 1462 558 1584 Quove
585 1447 734 1563 modo
759 1504 922 1600 genus
948 1463 1228 1565 humanum
1253 1468 1477 1567 variante
1502 1468 1715 1607 loquela

377 1638 604 1777 Coeperit
628 1640 760 1737 inter
785 1678 838 1739 se
862 1642 992 1741 vesci
1019 1678 1110 1778 per
1135 1639 1340 1739 nomina
1364 1679 1562 1741 rerum:

376 1813 444 1914 Et.
470 1812 659 1952 quibus
679 1812 770 1911 'ille
796 1812 958 1914 modis
984 1814 1149 1913 divdm
1177 1835 1341 1912 metus
1367 1814 1635 1915 insinuarit

372 1988 598 2109 Pectora.
629 2011 875 2088 terrarum
903 1989 993 2126 qui
1022 1988 1071 2087 in
1098 1985 1208 2088 orbi
1235 2010 1405 2088 sancta
1429 2011 1605 2090 tuetur

371 2163 525 2282 Fano,
556 2164 708 2281 lacus,
735 2162 890 2281 lucos,
918 2199 1043 2281 araS,
1071 2160 1439 2299 simulacraque
1465 2161 1646 2265 divdm.

440 2335 711 2457 Praeterea,
739 2337 855 2436 solis
881 2374 1070 2455 cursus,
1098 2335 1338 2473 lunaeque
1365 2359 1561 2436 meatus

369 2511 675 2650 Expediam,
705 2550 807 2649 qua
832 2512 879 2611 vi
908 2511 1079 2610 flectat
1102 2532 1282 2609 natura
1305 2507 1627 2646 gubernans:

370 2685 456 2787 Ne
482 2685 611 2786 forte
640 2684 749 2785 haeo
774 2685 907 2783 inter
931 2686 1110 2784 coelum
1136 2707 1425 2822 terramque
1452 2674 1676 2786 reamur⁸

371 2861 554 2962 libera
582 2882 760 2999 sponte
788 2898 878 2960 sua
902 2898 1076 2960 cursus
1102 2861 1315 2959 lustrare
1340 2861 1626 2997 perenneiS,

368 3038 424 3137 M
430 3040 627 3175 origera
653 3035 714 3136 ad
743 3036 916 3172 fruges
942 3035 1216 3171 augendas
1245 3056 1400 3173 atque
1426 3036 1768 3147 animanteis:

368 3214 416 3316 N
424 3255 511 3315 eve
540 3215 711 3352 aliqua
737 3212 900 3311 divdm
928 3212 1060 3310 volvi
1088 3213 1280 3310 ratione
1307 3231 1560 3347 putemus.

367 3388 520 3507 Nam,
550 3385 679 3485 bene
706 3386 793 3523 qui
823 3384 1044 3484 didicere
1071 3383 1191 3483 deos
1216 3422 1448 3485 securum
1475 3422 1625 3523 agere
1651 3426 1860 3519 aevom,

364 3564 416 3662 si
444 3586 610 3660 tamen
639 3560 831 3657 interea
857 3560 1106 3658 mirantur
1131 3598 1234 3696 qua
1259 3562 1454 3660 ratione

364 3736 600 3874 Quaeque
627 3734 733 3871 geri
765 3734 972 3868 possint,
999 3737 1279 3869 prasertim
1306 3733 1457 3836 rebus
1484 3736 1534 3834 in
1562 3734 1681 3857 illis,

363 3910 496 4030 Quae
523 3947 705 4045 supera
732 3930 887 4044 caput
907 3906 1126 4008 aetheriis
1152 3933 1430 4011 cernuntur
1455 3912 1505 4010 in
1532 3912 1631 4011 oris
1647 3952 1662 4037 3

362 4081 557 4182 Rursus
583 4082 633 4178 in
661 4080 894 4215 antiquas
921 4081 1210 4182 referuntur
1235 4082 1537 4221 relligiones

363 4255 430 4355 Et
456 4255 684 4353 dominos
713 4253 869 4352 aereis
895 4256 1167 4375 adsiseunt,
1195 4259 1363 4356 omnia
1389 4296 1533 4395 posse

362 4428 505 4548 Quos
533 4425 696 4524 miseri
725 4425 955 4547 eredunt,
982 4431 1145 4566 ignari
1176 4430 1298 4570 quid
1330 4456 1486 4569 queat
1511 4472 1634 4551 esse,

361 4603 501 4722 Quid
532 4623 781 4738 nequeam
819 4601 963 4702 finita
987 4626 1208 4740 potestas
1235 4604 1457 4742 denique
1483 4607 1724 4747 quoique

362 4778 597 4899 Quanam
625 4779 689 4875 sit
713 4778 923 4893 ratione,
952 4796 1106 4911 atque
1133 4775 1233 4873 alte
1257 4780 1503 4879 terminus
1529 4778 1759 4893 haerens.

430 4950 584 5072 Quod
606 4972 849 5087 superest,
872 4984 933 5046 ne
954 4969 1003 5047 te
1023 4949 1075 5047 in
1096 4952 1350 5084 promissis
1368 4953 1518 5090 plura
1535 4992 1858 5101 moremur-3
