<?xml version="1.0" encoding="UTF-8"?>
<!DOCTYPE html PUBLIC "-//W3C//DTD XHTML 1.0 Transitional//EN"
    "http://www.w3.org/TR/xhtml1/DTD/xhtml1-transitional.dtd">
<html xmlns="http://www.w3.org/1999/xhtml" xml:lang="en" lang="en">
 <head>
  <title>
</title>
<meta http-equiv="Content-Type" content="text/html;charset=utf-8" />
  <meta name='ocr-system' content='tesseract 3.04.00' />
  <meta name='ocr-capabilities' content='ocr_page ocr_carea ocr_par ocr_line ocrx_word'/>
</head>
<body>
  <div class='ocr_page' id='page_1' title='image "./tlucretiicaride01carugoog_0104.png"; bbox 0 0 4432 5984; ppageno 0'>
   <div class='ocr_carea' id='block_1_1' title="bbox 731 389 1884 583">
    <p class='ocr_par' dir='ltr' id='par_1_1' title="bbox 731 389 1884 583">
     <span class='ocr_line' id='line_1_1' title="bbox 731 389 1884 583; baseline 0.005 -81.199"><span class='ocrx_word' id='word_1_1' title='bbox 731 408 1045 583; x_wconf 77' lang='grc' dir='ltr'>ιιιιιιι</span> <span class='ocrx_word' id='word_1_2' title='bbox 1107 409 1535 577; x_wconf 74' lang='lat' dir='ltr'>ruurrue</span> <span class='ocrx_word' id='word_1_3' title='bbox 1817 389 1884 518; x_wconf 81' lang='lat'>95</span> 
     </span>
    </p>
   </div>
   <div class='ocr_carea' id='block_1_2' title="bbox 349 635 1902 5183">
    <p class='ocr_par' dir='ltr' id='par_1_2' title="bbox 465 635 1880 947">
     <span class='ocr_line' id='line_1_2' title="bbox 465 635 1880 833; baseline 0.004 -61"><span class='ocrx_word' id='word_1_4' title='bbox 465 666 620 791; x_wconf 87' lang='lat' dir='ltr'><strong>Nam,</strong></span> <span class='ocrx_word' id='word_1_5' title='bbox 672 667 812 810; x_wconf 78' lang='lat' dir='ltr'>quod</span> <span class='ocrx_word' id='word_1_6' title='bbox 864 661 999 808; x_wconf 76' lang='lat' dir='ltr'>saepe</span> <span class='ocrx_word' id='word_1_7' title='bbox 1049 649 1277 771; x_wconf 79' lang='lat' dir='ltr'>homiues</span> <span class='ocrx_word' id='word_1_8' title='bbox 1329 635 1556 771; x_wconf 77' lang='grc' dir='ltr'>ιιιοιιιόι</span> <span class='ocrx_word' id='word_1_9' title='bbox 1578 671 1739 833; x_wconf 68' lang='lat' dir='ltr'>inagis</span> <span class='ocrx_word' id='word_1_10' title='bbox 1776 712 1880 778; x_wconf 84' lang='lat' dir='ltr'>esse</span> 
     </span>
     <span class='ocr_line' id='line_1_3' title="bbox 529 839 950 947; baseline 0.007 -3"><span class='ocrx_word' id='word_1_11' title='bbox 529 844 832 947; x_wconf 85' lang='lat' dir='ltr'>timendos</span> <span class='ocrx_word' id='word_1_12' title='bbox 945 839 950 846; x_wconf 62' lang='grc'><strong>’</strong></span> 
     </span>
    </p>

    <p class='ocr_par' dir='ltr' id='par_1_3' title="bbox 371 993 1902 3236">
     <span class='ocr_line' id='line_1_4' title="bbox 390 993 1871 1197; baseline -0.001 -77"><span class='ocrx_word' id='word_1_13' title='bbox 390 1016 745 1160; x_wconf 85' lang='lat' dir='ltr'>Infamemque</span> <span class='ocrx_word' id='word_1_14' title='bbox 765 1015 945 1173; x_wconf 85' lang='lat' dir='ltr'>ferunt</span> <span class='ocrx_word' id='word_1_15' title='bbox 965 1017 1136 1139; x_wconf 80' lang='lat' dir='ltr'>vitam,</span> <span class='ocrx_word' id='word_1_16' title='bbox 1136 1031 1317 1197; x_wconf 73' lang='lat' dir='ltr'>qua&#39;m</span> <span class='ocrx_word' id='word_1_17' title='bbox 1342 993 1555 1170; x_wconf 79' lang='lat' dir='ltr'>Tartara</span> <span class='ocrx_word' id='word_1_18' title='bbox 1571 1009 1715 1139; x_wconf 87' lang='lat' dir='ltr'>lethi,</span> <span class='ocrx_word' id='word_1_19' title='bbox 1867 994 1871 1001; x_wconf 41' lang='grc'><strong>’</strong></span> 
     </span>
     <span class='ocr_line' id='line_1_5' title="bbox 389 1185 1702 1331; baseline -0.002 -40"><span class='ocrx_word' id='word_1_20' title='bbox 389 1188 459 1291; x_wconf 89' lang='grc' dir='ltr'>Ει</span> <span class='ocrx_word' id='word_1_21' title='bbox 483 1230 536 1294; x_wconf 86' lang='lat' dir='ltr'>se</span> <span class='ocrx_word' id='word_1_22' title='bbox 560 1193 686 1294; x_wconf 85' lang='lat' dir='ltr'>scire</span> <span class='ocrx_word' id='word_1_23' title='bbox 712 1191 871 1293; x_wconf 80' lang='lat' dir='ltr'>animi</span> <span class='ocrx_word' id='word_1_24' title='bbox 893 1201 1130 1293; x_wconf 76' lang='lat' dir='ltr'>naturam</span> <span class='ocrx_word' id='word_1_25' title='bbox 1149 1185 1436 1331; x_wconf 65' lang='lat' dir='ltr'>§anguinis</span> <span class='ocrx_word' id='word_1_26' title='bbox 1433 1217 1564 1311; x_wconf 78' lang='lat' dir='ltr'>esse,</span> <span class='ocrx_word' id='word_1_27' title='bbox 1698 1252 1702 1259; x_wconf 90' lang='lat'><strong>·</strong></span> 
     </span>
     <span class='ocr_line' id='line_1_6' title="bbox 387 1336 1719 1504; baseline 0.001 -41"><span class='ocrx_word' id='word_1_28' title='bbox 387 1359 501 1465; x_wconf 88' lang='lat' dir='ltr'>Nec</span> <span class='ocrx_word' id='word_1_29' title='bbox 526 1401 760 1503; x_wconf 85' lang='lat' dir='ltr'>prorsum</span> <span class='ocrx_word' id='word_1_30' title='bbox 769 1336 1089 1504; x_wconf 82' lang='lat' dir='ltr'>quidquam</span> <span class='ocrx_word' id='word_1_31' title='bbox 1098 1385 1288 1484; x_wconf 80' lang='lat' dir='ltr'>nostrae</span> <span class='ocrx_word' id='word_1_32' title='bbox 1311 1360 1519 1463; x_wconf 86' lang='lat' dir='ltr'>rationis</span> <span class='ocrx_word' id='word_1_33' title='bbox 1538 1400 1719 1502; x_wconf 83' lang='lat' dir='ltr'>egere:</span> 
     </span>
     <span class='ocr_line' id='line_1_7' title="bbox 385 1530 1902 1674; baseline 0.002 -39"><span class='ocrx_word' id='word_1_34' title='bbox 385 1532 523 1638; x_wconf 85' lang='lat' dir='ltr'>Hinc</span> <span class='ocrx_word' id='word_1_35' title='bbox 547 1536 667 1638; x_wconf 86' lang='lat' dir='ltr'>licet</span> <span class='ocrx_word' id='word_1_36' title='bbox 689 1530 986 1640; x_wconf 81' lang='lat' dir='ltr'>advertas</span> <span class='ocrx_word' id='word_1_37' title='bbox 945 1539 1185 1658; x_wconf 86' lang='lat' dir='ltr'>animum,</span> <span class='ocrx_word' id='word_1_38' title='bbox 1213 1537 1374 1674; x_wconf 83' lang='lat' dir='ltr'>magis</span> <span class='ocrx_word' id='word_1_39' title='bbox 1391 1536 1562 1637; x_wconf 85' lang='lat' dir='ltr'>omnia</span> <span class='ocrx_word' id='word_1_40' title='bbox 1585 1536 1765 1658; x_wconf 83' lang='lat' dir='ltr'>laudis,</span> <span class='ocrx_word' id='word_1_41' title='bbox 1898 1592 1902 1602; x_wconf 93' lang='lat'>·</span> 
     </span>
     <span class='ocr_line' id='line_1_8' title="bbox 380 1696 1557 1835; baseline 0.003 -25"><span class='ocrx_word' id='word_1_42' title='bbox 380 1708 490 1810; x_wconf 88' lang='lat' dir='ltr'>Aut</span> <span class='ocrx_word' id='word_1_43' title='bbox 513 1711 665 1812; x_wconf 81' lang='lat' dir='ltr'>etiam</span> <span class='ocrx_word' id='word_1_44' title='bbox 688 1709 843 1834; x_wconf 84' lang='lat' dir='ltr'>venti,</span> <span class='ocrx_word' id='word_1_45' title='bbox 871 1750 911 1813; x_wconf 79' lang='grc' dir='ltr'>ιι</span> <span class='ocrx_word' id='word_1_46' title='bbox 897 1711 1073 1813; x_wconf 83' lang='lat' dir='ltr'>&#39;&#39;fert</span> <span class='ocrx_word' id='word_1_47' title='bbox 1060 1735 1140 1813; x_wconf 80' lang='lat' dir='ltr'>rta</span> <span class='ocrx_word' id='word_1_48' title='bbox 1149 1696 1286 1814; x_wconf 71' lang='lat' dir='ltr'>forie</span> <span class='ocrx_word' id='word_1_49' title='bbox 1309 1712 1557 1835; x_wconf 84' lang='lat' dir='ltr'>voluntas,</span> 
     </span>
     <span class='ocr_line' id='line_1_9' title="bbox 378 1878 1756 2026; baseline 0.004 -43"><span class='ocrx_word' id='word_1_50' title='bbox 378 1878 413 1983; x_wconf 90' lang='lat' dir='ltr'>J</span> <span class='ocrx_word' id='word_1_51' title='bbox 417 1884 570 1984; x_wconf 82' lang='lat' dir='ltr'>actarr</span> <span class='ocrx_word' id='word_1_52' title='bbox 596 1919 746 1984; x_wconf 84' lang='lat' dir='ltr'>causa</span> <span class='ocrx_word' id='word_1_53' title='bbox 748 1905 937 2022; x_wconf 86' lang='lat' dir='ltr'>,quam</span> <span class='ocrx_word' id='word_1_54' title='bbox 962 1884 1102 2026; x_wconf 88' lang='lat' dir='ltr'>quod</span> <span class='ocrx_word' id='word_1_55' title='bbox 1129 1921 1208 1985; x_wconf 84' lang='lat' dir='ltr'>res</span> <span class='ocrx_word' id='word_1_56' title='bbox 1231 1885 1345 2022; x_wconf 85' lang='lat' dir='ltr'>ipsa</span> <span class='ocrx_word' id='word_1_57' title='bbox 1367 1883 1643 2024; x_wconf 80' lang='lat' dir='ltr'>pmbetur:</span> <span class='ocrx_word' id='word_1_58' title='bbox 1754 1922 1756 1927; x_wconf 86' lang='lat'>·</span> 
     </span>
     <span class='ocr_line' id='line_1_10' title="bbox 380 2029 1613 2198; baseline 0.004 -46"><span class='ocrx_word' id='word_1_59' title='bbox 380 2048 623 2154; x_wconf 83' lang='lat' dir='ltr'>Extorres</span> <span class='ocrx_word' id='word_1_60' title='bbox 645 2053 797 2155; x_wconf 88' lang='lat' dir='ltr'>iidem</span> <span class='ocrx_word' id='word_1_61' title='bbox 823 2058 1005 2194; x_wconf 85' lang='lat' dir='ltr'>patria,</span> <span class='ocrx_word' id='word_1_62' title='bbox 1026 2029 1281 2198; x_wconf 81' lang='lat' dir='ltr'>longeque</span> <span class='ocrx_word' id='word_1_63' title='bbox 1307 2056 1471 2195; x_wconf 82' lang='lat' dir='ltr'>fugati</span> <span class='ocrx_word' id='word_1_64' title='bbox 1516 2175 1518 2178; x_wconf 5' lang='grc' dir='ltr'><em>Α</em></span> <span class='ocrx_word' id='word_1_65' title='bbox 1609 2110 1613 2125; x_wconf 81' lang='lat'>‚</span> 
     </span>
     <span class='ocr_line' id='line_1_11' title="bbox 381 2218 1677 2370; baseline 0.003 -43"><span class='ocrx_word' id='word_1_66' title='bbox 381 2222 671 2364; x_wconf 83' lang='lat' dir='ltr'>Conspectu</span> <span class='ocrx_word' id='word_1_67' title='bbox 696 2263 762 2327; x_wconf 89' lang='lat' dir='ltr'>ex</span> <span class='ocrx_word' id='word_1_68' title='bbox 786 2225 1068 2354; x_wconf 85' lang='lat' dir='ltr'>hominum,</span> <span class='ocrx_word' id='word_1_69' title='bbox 1094 2229 1268 2332; x_wconf 78' lang='lat' dir='ltr'>foedati</span> <span class='ocrx_word' id='word_1_70' title='bbox 1287 2220 1499 2334; x_wconf 76' lang='lat' dir='ltr'>erimine¹</span> <span class='ocrx_word' id='word_1_71' title='bbox 1519 2218 1677 2370; x_wconf 83' lang='lat' dir='ltr'>turpi,</span> 
     </span>
     <span class='ocr_line' id='line_1_12' title="bbox 380 2374 1623 2545; baseline 0.005 -46"><span class='ocrx_word' id='word_1_72' title='bbox 380 2395 635 2502; x_wconf 83' lang='lat' dir='ltr'>Omnibus</span> <span class='ocrx_word' id='word_1_73' title='bbox 660 2396 900 2507; x_wconf 72' lang='lat' dir='ltr'>erumnis</span> <span class='ocrx_word' id='word_1_74' title='bbox 918 2374 1108 2506; x_wconf 79' lang='lat' dir='ltr'>¹adfecti</span> <span class='ocrx_word' id='word_1_75' title='bbox 1129 2404 1356 2545; x_wconf 87' lang='lat' dir='ltr'>denique</span> <span class='ocrx_word' id='word_1_76' title='bbox 1379 2390 1586 2529; x_wconf 75' lang='lat' dir='ltr'>viuunt3</span> <span class='ocrx_word' id='word_1_77' title='bbox 1617 2508 1623 2516; x_wconf 68' lang='grc'>,</span> 
     </span>
     <span class='ocr_line' id='line_1_13' title="bbox 377 2558 1724 2716; baseline 0.005 -44"><span class='ocrx_word' id='word_1_78' title='bbox 377 2568 448 2672; x_wconf 89' lang='grc' dir='ltr'>Ει</span> <span class='ocrx_word' id='word_1_79' title='bbox 472 2610 783 2713; x_wconf 86' lang='lat' dir='ltr'>quoeunque</span> <span class='ocrx_word' id='word_1_80' title='bbox 806 2595 976 2680; x_wconf 81' lang='lat' dir='ltr'>tamen</span> <span class='ocrx_word' id='word_1_81' title='bbox 1001 2577 1168 2680; x_wconf 87' lang='lat' dir='ltr'>miseri</span> <span class='ocrx_word' id='word_1_82' title='bbox 1191 2558 1724 2716; x_wconf 67' lang='lat' dir='ltr'>venere,&#39;parentuui,&#39;</span> 
     </span>
     <span class='ocr_line' id='line_1_14' title="bbox 375 2736 1745 2887; baseline 0.007 -39"><span class='ocrx_word' id='word_1_83' title='bbox 375 2743 447 2848; x_wconf 84' lang='lat' dir='ltr'>Et</span> <span class='ocrx_word' id='word_1_84' title='bbox 470 2747 641 2885; x_wconf 80' lang='lat' dir='ltr'>nigras</span> <span class='ocrx_word' id='word_1_85' title='bbox 658 2769 882 2855; x_wconf 79' lang='lat' dir='ltr'><strong>mactant</strong></span> <span class='ocrx_word' id='word_1_86' title='bbox 902 2749 1142 2887; x_wconf 77' lang='lat' dir='ltr'>pecudes,</span> <span class='ocrx_word' id='word_1_87' title='bbox 1166 2772 1222 2852; x_wconf 80' lang='lat' dir='ltr'>et</span> <span class='ocrx_word' id='word_1_88' title='bbox 1244 2736 1486 2854; x_wconf 75' lang='lat' dir='ltr'>munibus¹</span> <span class='ocrx_word' id='word_1_89' title='bbox 1501 2749 1629 2857; x_wconf 83' lang='lat' dir='ltr'>divis</span> <span class='ocrx_word' id='word_1_90' title='bbox 1743 2743 1745 2748; x_wconf 34' lang='lat'>⁵</span> 
     </span>
     <span class='ocr_line' id='line_1_15' title="bbox 375 2901 1635 3066; baseline 0 -40"><span class='ocrx_word' id='word_1_91' title='bbox 375 2921 588 3029; x_wconf 85' lang='lat' dir='ltr'>Inferias</span> <span class='ocrx_word' id='word_1_92' title='bbox 613 2912 853 3028; x_wconf 86' lang='lat' dir='ltr'>mittunt:</span> <span class='ocrx_word' id='word_1_93' title='bbox 881 2901 1159 3066; x_wconf 72' lang='lat' dir='ltr'>multoque</span> <span class='ocrx_word' id='word_1_94' title='bbox 1184 2925 1238 3025; x_wconf 88' lang='lat' dir='ltr'>in</span> <span class='ocrx_word' id='word_1_95' title='bbox 1262 2922 1417 3026; x_wconf 83' lang='lat' dir='ltr'>rebus</span> <span class='ocrx_word' id='word_1_96' title='bbox 1442 2921 1635 3027; x_wconf 79' lang='lat' dir='ltr'>aeerbis</span> 
     </span>
     <span class='ocr_line' id='line_1_16' title="bbox 371 3095 1512 3236; baseline -0.001 -36"><span class='ocrx_word' id='word_1_97' title='bbox 371 3098 553 3201; x_wconf 83' lang='lat' dir='ltr'>Acrius</span> <span class='ocrx_word' id='word_1_98' title='bbox 576 3099 851 3203; x_wconf 76' lang='lat' dir='ltr'>advertunt</span> <span class='ocrx_word' id='word_1_99' title='bbox 873 3098 1066 3201; x_wconf 84' lang='lat' dir='ltr'>animos</span> <span class='ocrx_word' id='word_1_100' title='bbox 1079 3095 1155 3199; x_wconf 77' lang='lat' dir='ltr'>sad</span> <span class='ocrx_word' id='word_1_101' title='bbox 1179 3096 1512 3236; x_wconf 85' lang='lat' dir='ltr'>relligionem.</span> 
     </span>
    </p>

    <p class='ocr_par' dir='ltr' id='par_1_4' title="bbox 368 3268 1802 3931">
     <span class='ocr_line' id='line_1_17' title="bbox 442 3268 1777 3413; baseline 0 -39"><span class='ocrx_word' id='word_1_102' title='bbox 442 3268 562 3393; x_wconf 86' lang='lat' dir='ltr'>Quo</span> <span class='ocrx_word' id='word_1_103' title='bbox 584 3274 747 3413; x_wconf 81' lang='lat' dir='ltr'>magis</span> <span class='ocrx_word' id='word_1_104' title='bbox 770 3273 824 3374; x_wconf 91' lang='lat' dir='ltr'>in</span> <span class='ocrx_word' id='word_1_105' title='bbox 849 3268 1020 3374; x_wconf 84' lang='lat' dir='ltr'>dubiis</span> <span class='ocrx_word' id='word_1_106' title='bbox 1044 3269 1299 3373; x_wconf 87' lang='lat' dir='ltr'>hominem</span> <span class='ocrx_word' id='word_1_107' title='bbox 1325 3291 1551 3410; x_wconf 84' lang='lat' dir='ltr'>spectare</span> <span class='ocrx_word' id='word_1_108' title='bbox 1574 3268 1777 3408; x_wconf 83' lang='lat' dir='ltr'>periclis</span> 
     </span>
     <span class='ocr_line' id='line_1_18' title="bbox 372 3430 1802 3585; baseline -0.001 -38"><span class='ocrx_word' id='word_1_109' title='bbox 372 3442 638 3569; x_wconf 86' lang='lat' dir='ltr'>Convenit,</span> <span class='ocrx_word' id='word_1_110' title='bbox 664 3437 988 3585; x_wconf 81' lang='lat' dir='ltr'>adversisque</span> <span class='ocrx_word' id='word_1_111' title='bbox 1012 3445 1066 3547; x_wconf 90' lang='lat' dir='ltr'>in</span> <span class='ocrx_word' id='word_1_112' title='bbox 1090 3443 1242 3547; x_wconf 83' lang='lat' dir='ltr'>rebus</span> <span class='ocrx_word' id='word_1_113' title='bbox 1266 3454 1470 3546; x_wconf 78' lang='lat' dir='ltr'>hoscere</span> <span class='ocrx_word' id='word_1_114' title='bbox 1496 3442 1586 3580; x_wconf 92' lang='lat' dir='ltr'>qui</span> <span class='ocrx_word' id='word_1_115' title='bbox 1612 3441 1705 3545; x_wconf 85' lang='lat' dir='ltr'>sit:</span> <span class='ocrx_word' id='word_1_116' title='bbox 1799 3430 1802 3435; x_wconf 47' lang='grc'><strong>’</strong></span> 
     </span>
     <span class='ocr_line' id='line_1_19' title="bbox 371 3613 1642 3753; baseline -0.003 -33"><span class='ocrx_word' id='word_1_117' title='bbox 371 3616 507 3721; x_wconf 82' lang='lat' dir='ltr'>Nam</span> <span class='ocrx_word' id='word_1_118' title='bbox 532 3639 667 3723; x_wconf 81' lang='lat' dir='ltr'>verae</span> <span class='ocrx_word' id='word_1_119' title='bbox 690 3641 970 3722; x_wconf 70' lang='lat' dir='ltr'>recentum</span> <span class='ocrx_word' id='word_1_120' title='bbox 996 3616 1202 3718; x_wconf 86' lang='lat' dir='ltr'>demum</span> <span class='ocrx_word' id='word_1_121' title='bbox 1220 3637 1424 3753; x_wconf 81' lang='lat' dir='ltr'><strong>pectore</strong></span> <span class='ocrx_word' id='word_1_122' title='bbox 1451 3613 1516 3719; x_wconf 87' lang='lat' dir='ltr'>ab</span> <span class='ocrx_word' id='word_1_123' title='bbox 1540 3617 1642 3717; x_wconf 89' lang='lat' dir='ltr'>imo</span> 
     </span>
     <span class='ocr_line' id='line_1_20' title="bbox 368 3763 1569 3931; baseline -0.001 -36"><span class='ocrx_word' id='word_1_124' title='bbox 368 3763 672 3918; x_wconf 85' lang='lat' dir='ltr'>Eliciuntur,</span> <span class='ocrx_word' id='word_1_125' title='bbox 697 3816 751 3896; x_wconf 82' lang='lat' dir='ltr'>et</span> <span class='ocrx_word' id='word_1_126' title='bbox 772 3795 1253 3931; x_wconf 78' lang='lat' dir='ltr'>eripitur-persona;</span> <span class='ocrx_word' id='word_1_127' title='bbox 1276 3811 1451 3890; x_wconf 83' lang='lat' dir='ltr'>manet</span> <span class='ocrx_word' id='word_1_128' title='bbox 1472 3825 1569 3894; x_wconf 84' lang='lat' dir='ltr'>res.</span> 
     </span>
    </p>

    <p class='ocr_par' dir='ltr' id='par_1_5' title="bbox 349 3961 1889 4447">
     <span class='ocr_line' id='line_1_21' title="bbox 349 3961 1681 4108; baseline -0.008 -36"><span class='ocrx_word' id='word_1_129' title='bbox 349 4003 353 4010; x_wconf 89' lang='grc'><em>·</em></span> <span class='ocrx_word' id='word_1_130' title='bbox 433 3965 675 4108; x_wconf 84' lang='lat' dir='ltr'>Denique</span> <span class='ocrx_word' id='word_1_131' title='bbox 699 3968 945 4088; x_wconf 81' lang='lat' dir='ltr'>avarities,</span> <span class='ocrx_word' id='word_1_132' title='bbox 971 3987 1024 4067; x_wconf 89' lang='lat' dir='ltr'>et</span> <span class='ocrx_word' id='word_1_133' title='bbox 1048 3963 1297 4066; x_wconf 89' lang='lat' dir='ltr'>honorum</span> <span class='ocrx_word' id='word_1_134' title='bbox 1320 3975 1453 4064; x_wconf 72' lang='lat' dir='ltr'><strong>c&#39;aeoa</strong></span> <span class='ocrx_word' id='word_1_135' title='bbox 1477 3961 1681 4102; x_wconf 89' lang='lat' dir='ltr'>cupido,</span> 
     </span>
     <span class='ocr_line' id='line_1_22' title="bbox 366 4132 1889 4277; baseline -0.003 -34"><span class='ocrx_word' id='word_1_136' title='bbox 366 4138 502 4261; x_wconf 81' lang='lat' dir='ltr'>Quae</span> <span class='ocrx_word' id='word_1_137' title='bbox 524 4141 731 4245; x_wconf 83' lang='lat' dir='ltr'>miseros</span> <span class='ocrx_word' id='word_1_138' title='bbox 754 4137 981 4243; x_wconf 76' lang='lat' dir='ltr'>homiues</span> <span class='ocrx_word' id='word_1_139' title='bbox 1005 4159 1197 4277; x_wconf 87' lang='lat' dir='ltr'>coguut</span> <span class='ocrx_word' id='word_1_140' title='bbox 1221 4132 1573 4239; x_wconf 66' lang='lat' dir='ltr'>transcendere</span> <span class='ocrx_word' id='word_1_141' title='bbox 1597 4134 1744 4240; x_wconf 79' lang='lat' dir='ltr'>fineis</span> <span class='ocrx_word' id='word_1_142' title='bbox 1886 4213 1889 4219; x_wconf 57' lang='lat'><em>›</em></span> 
     </span>
     <span class='ocr_line' id='line_1_23' title="bbox 360 4302 1776 4447; baseline -0.004 -32"><span class='ocrx_word' id='word_1_143' title='bbox 360 4310 394 4415; x_wconf 91' lang='lat' dir='ltr'>J</span> <span class='ocrx_word' id='word_1_144' title='bbox 399 4314 520 4435; x_wconf 86' lang='lat' dir='ltr'>uris,</span> <span class='ocrx_word' id='word_1_145' title='bbox 543 4335 599 4416; x_wconf 84' lang='lat' dir='ltr'>et</span> <span class='ocrx_word' id='word_1_146' title='bbox 619 4312 876 4415; x_wconf 70' lang='lat' dir='ltr'>interdum</span> <span class='ocrx_word' id='word_1_147' title='bbox 895 4311 1053 4414; x_wconf 79' lang='lat' dir='ltr'>socios</span> <span class='ocrx_word' id='word_1_148' title='bbox 1077 4312 1321 4414; x_wconf 77' lang='lat' dir='ltr'>scelerum</span> <span class='ocrx_word' id='word_1_149' title='bbox 1345 4302 1499 4447; x_wconf 71' lang='lat' dir='ltr'>utque</span> <span class='ocrx_word' id='word_1_150' title='bbox 1516 4308 1776 4412; x_wconf 83' lang='lat' dir='ltr'>ministros</span> 
     </span>
    </p>

    <p class='ocr_par' dir='ltr' id='par_1_6' title="bbox 358 4465 1891 5149">
     <span class='ocr_line' id='line_1_24' title="bbox 365 4465 1891 4677; baseline -0.003 -90"><span class='ocrx_word' id='word_1_151' title='bbox 365 4483 417 4587; x_wconf 95' lang='lat' dir='ltr'>N</span> <span class='ocrx_word' id='word_1_152' title='bbox 420 4487 576 4590; x_wconf 73' lang='lat' dir='ltr'>oeteis</span> <span class='ocrx_word' id='word_1_153' title='bbox 599 4508 759 4627; x_wconf 83' lang='lat' dir='ltr'>atque</span> <span class='ocrx_word' id='word_1_154' title='bbox 778 4485 889 4607; x_wconf 39' lang='lat' dir='ltr'>,dies</span> <span class='ocrx_word' id='word_1_155' title='bbox 914 4484 1009 4587; x_wconf 84' lang='lat' dir='ltr'>niti</span> <span class='ocrx_word' id='word_1_156' title='bbox 1035 4505 1309 4677; x_wconf 70' lang='lat' dir='ltr'>praestante·</span> <span class='ocrx_word' id='word_1_157' title='bbox 1326 4481 1500 4584; x_wconf 81' lang='lat' dir='ltr'>labore</span> <span class='ocrx_word' id='word_1_158' title='bbox 1883 4465 1891 4475; x_wconf 58' lang='grc'><strong><em>’</em></strong></span> 
     </span>
     <span class='ocr_line' id='line_1_25' title="bbox 362 4631 1686 4798; baseline -0.001 -38"><span class='ocrx_word' id='word_1_159' title='bbox 362 4658 444 4760; x_wconf 89' lang='lat' dir='ltr'>Ad</span> <span class='ocrx_word' id='word_1_160' title='bbox 471 4696 689 4762; x_wconf 77' lang='lat' dir='ltr'>summae</span> <span class='ocrx_word' id='word_1_161' title='bbox 707 4692 966 4798; x_wconf 73' lang='lat' dir='ltr'>emergere</span> <span class='ocrx_word' id='word_1_162' title='bbox 989 4656 1162 4794; x_wconf 83' lang='lat' dir='ltr'>opeis3</span> <span class='ocrx_word' id='word_1_163' title='bbox 1202 4631 1310 4759; x_wconf 77' lang='lat' dir='ltr'>haee</span> <span class='ocrx_word' id='word_1_164' title='bbox 1334 4657 1545 4775; x_wconf 79' lang='lat' dir='ltr'>volnera</span> <span class='ocrx_word' id='word_1_165' title='bbox 1565 4659 1686 4759; x_wconf 79' lang='lat' dir='ltr'>vitae</span> 
     </span>
     <span class='ocr_line' id='line_1_26' title="bbox 363 4821 1746 4970; baseline 0.001 -38"><span class='ocrx_word' id='word_1_166' title='bbox 363 4828 487 4934; x_wconf 88' lang='lat' dir='ltr'>Nou</span> <span class='ocrx_word' id='word_1_167' title='bbox 511 4831 771 4937; x_wconf 81' lang='lat' dir='ltr'>minimam</span> <span class='ocrx_word' id='word_1_168' title='bbox 776 4854 987 4970; x_wconf 78' lang='lat' dir='ltr'>partem</span> <span class='ocrx_word' id='word_1_169' title='bbox 1012 4830 1187 4934; x_wconf 81' lang='lat' dir='ltr'>mortis</span> <span class='ocrx_word' id='word_1_170' title='bbox 1209 4830 1485 4934; x_wconf 82' lang='lat' dir='ltr'>formidine</span> <span class='ocrx_word' id='word_1_171' title='bbox 1510 4821 1746 4955; x_wconf 79' lang='lat' dir='ltr'>aluhmr3</span> 
     </span>
     <span class='ocr_line' id='line_1_27' title="bbox 358 5001 1771 5183; baseline 0.002 -78"><span class='ocrx_word' id='word_1_172' title='bbox 358 5001 548 5183; x_wconf 89' lang='lat' dir='ltr'>Turpis</span> <span class='ocrx_word' id='word_1_173' title='bbox 571 5005 708 5163; x_wconf 85' lang='lat' dir='ltr'>euim</span> <span class='ocrx_word' id='word_1_174' title='bbox 731 5001 882 5128; x_wconf 77' lang='lat' dir='ltr'>fama,</span> <span class='ocrx_word' id='word_1_175' title='bbox 907 5027 960 5107; x_wconf 88' lang='lat' dir='ltr'>et</span> <span class='ocrx_word' id='word_1_176' title='bbox 982 5028 1324 5145; x_wconf 82' lang='lat' dir='ltr'>contemptus,</span> <span class='ocrx_word' id='word_1_177' title='bbox 1349 5025 1403 5106; x_wconf 82' lang='lat' dir='ltr'>et</span> <span class='ocrx_word' id='word_1_178' title='bbox 1425 5004 1552 5108; x_wconf 81' lang='lat' dir='ltr'>aeris</span> <span class='ocrx_word' id='word_1_179' title='bbox 1576 5026 1771 5149; x_wconf 77' lang='lat' dir='ltr'>egestas</span> 
     </span>
    </p>
   </div>
   <div class='ocr_carea' id='block_1_3' title="bbox 0 0 2220 5984">
    <p class='ocr_par' dir='ltr' id='par_1_7' title="bbox 0 0 2220 5984">
     <span class='ocr_line' id='line_1_28' title="bbox 0 0 2220 5984; baseline 0 9"><span class='ocrx_word' id='word_1_180' title='bbox 0 0 2220 5984; x_wconf 95' lang='lat' dir='ltr'> </span> 
     </span>
    </p>
   </div>
  </div>
 </body>
</html>
