4432 5984
442 368 543 459 Μ
784 368 843 457 Τ.
896 347 1324 459 L'UCRETIJ
1372 366 1585 461 CARI

448 625 658 766 Quippe
684 627 856 727 videre
883 627 999 726 licet
1024 627 1355 763 pinguescere
1381 665 1515 766 saepe
1541 630 1706 731 cicuta
1738 680 1746 691 ·

344 864 351 879 ·
428 795 752 940 'Barbigeras
775 801 1013 940 pecudes,
1042 799 1233 900 homini
1260 840 1378 941 quae
1405 826 1480 902 est
1505 844 1618 907 acre
1643 846 1915 913 venenum.

517 976 743 1078 Flamma
763 977 970 1116 quidem
990 1013 1110 1075 vero
1136 1012 1292 1113 quom
1319 1013 1531 1114 corpora
1555 980 1695 1082 fulva
1718 981 1925 1083 leonum

445 1149 573 1253 Tam
601 1152 757 1250 soleat
781 1173 989 1269 torrere,
1016 1171 1170 1285 atque
1201 1187 1359 1268 urere,
1389 1188 1542 1288 quam
1567 1192 1729 1291 genus
1754 1194 1905 1256 omne

447 1325 682 1446 VisceriS‚
710 1328 934 1425 interris
961 1327 1306 1463 quodcunque
1334 1347 1385 1423 et
1410 1329 1670 1463 sanguinis
1696 1350 1890 1429 exstet:

451 1499 556 1620 Qut
581 1501 689 1600 fieri
715 1501 900 1636 potuit,
921 1501 1108 1638 triplici
1135 1537 1251 1601 cum
1278 1536 1486 1635 corpore
1514 1523 1571 1600 ut
1596 1540 1699 1601 una

450 1672 622 1772 Prima
644 1673 741 1790 le0,
768 1695 1020 1809 postrema
1046 1673 1213 1792 draoO,
1241 1673 1407 1773 media
1433 1674 1542 1811 ipsa
1570 1672 1824 1775 Chimaera

452 1852 558 1954 Ore
585 1853 715 1952 foras
742 1890 905 1951 aorem
933 1851 1127 1950 efflaret
1152 1849 1215 1949 de
1242 1888 1451 1986 corpore
1477 1850 1733 1949 flammam
1749 1851 1776 1957 l,

515 2024 696 2146 ‚Quare
722 2026 874 2124 etiam
899 2023 1081 2122 tellure
1107 2059 1251 2142 nova,
1279 2024 1506 2161 coeloque
1533 2026 1723 2125 recenti

448 2199 593 2301 Talia
619 2201 709 2337 qui
736 2198 886 2351 lingit
910 2196 1135 2332 potuisse
1163 2197 1397 2296 animalia
1423 2197 1583 2333 gigni,

454 2373 625 2475 Nixus
651 2374 702 2471 in
730 2370 824 2470 hoo
853 2408 955 2467 uno
980 2369 1216 2469 novitatis
1244 2371 1446 2470 nomine
1473 2370 1641 2495 inani;

452 2548 625 2652 Multa
649 2550 767 2648 licet
792 2548 939 2647 simili
967 2545 1158 2645 ratione
1185 2545 1383 2645 effutiat
1407 2584 1523 2646 ore:

452 2726 624 2825 Aurea
647 2746 757 2823 tum
785 2722 920 2822 dicat
944 2759 1037 2858 per
1062 2744 1220 2820 terras
1245 2720 1459 2819 flumina
1481 2720 1631 2857 volgo

454 2892 699 3017 Fluxisse,
728 2919 780 2997 et
803 2896 1015 3034 gemmis
1042 2897 1221 2995 llorere
1239 2892 1455 2992 arbusta
1481 2896 1673 2994 suesse:

452 3074 560 3173 Aut
586 3069 840 3170 hominem
866 3091 1008 3167 tanto
1035 3067 1375 3168 membrorum
1404 3105 1509 3167 esse
1536 3069 1724 3205 impete
1751 3092 1943 3193 natum,

452 3245 500 3345 T
501 3283 615 3345 rans
640 3244 797 3343 maria
822 3242 921 3341 alta
947 3239 1138 3377 pedum
1165 3241 1303 3389 nisus
1329 3261 1389 3342 ut
1413 3279 1601 3377 ponere
1628 3266 1811 3380 posset,

458 3419 526 3520 Et
551 3417 782 3518 manibus
807 3439 969 3516 totum
997 3417 1185 3516 circum
1213 3456 1263 3517 se
1284 3440 1476 3518 vertere
1502 3420 1699 3521 eoelum.

459 3590 598 3692 Nam
625 3589 764 3729 quod
790 3589 952 3687 multa
976 3587 1117 3687 fuere
1143 3590 1197 3687 in
1222 3590 1367 3689 terris
1388 3593 1579 3691 semina
1603 3632 1787 3714 rerum,
1846 3700 1851 3709 ,

455 3766 708 3902 Tempore
736 3802 839 3902 quo
864 3763 1087 3899 primum
1105 3762 1255 3863 tellus
1280 3766 1515 3866 animalia
1538 3766 1673 3868 fudit
1687 3811 1701 3893 3

358 4048 362 4055 ,
459 3941 552 4044 Nil
579 3964 748 4040 tamen
774 3960 851 4038 est
875 3937 1021 4074 signi,
1049 3936 1220 4035 mistas
1243 3940 1467 4075 potuisse
1493 3944 1650 4041 creari

460 4116 602 4216 lnter
627 4153 678 4214 se
704 4111 941 4250 pecudes,
969 4135 1331 4251 compactaque
1357 4111 1585 4213 membra
1609 4118 1945 4219 animantum:

460 4292 736 4428 Propterea
762 4288 884 4426 quia
909 4324 1034 4424 quae·
1052 4285 1115 4385 de
1141 4288 1286 4386 terris
1306 4325 1439 4389 nuno
1461 4324 1666 4426 quoque
1686 4289 1951 4405 abundant

462 4464 754 4568 Herbarum
780 4498 982 4597 genera,
1010 4500 1066 4560 ae
1092 4459 1279 4598 fruges,
1307 4459 1616 4599 arbustaque
1642 4464 1775 4587 laeta,

464 4642 588 4744 Non
612 4664 782 4739 tamen
808 4639 941 4739 inter
967 4677 1018 4738 se
1044 4636 1237 4774 possint
1260 4636 1524 4772 complexa
1547 4640 1722 4741 creari.

464 4815 566 4916 Res
592 4816 659 4915 sio
687 4852 909 4953 quaeque
936 4851 1026 4912 suo
1052 4813 1152 4911 ritu
1178 4811 1436 4947 procedit3
1474 4834 1526 4910 et
1549 4850 1723 4915 omnes

466 4992 674 5093 Foedere
700 5012 894 5091 naturae
921 5011 1057 5089 certo
1084 4988 1372 5088 discrimina
1397 5010 1611 5090 servant.
