4432 5984
384 386 487 507 176
705 398 765 488 Τ.
833 396 1259 490 LUCRETII
1323 399 1534 492 CARI

377 654 503 759 Tam
531 657 690 793 magis
718 658 769 757 in
795 657 989 757 somnis
1023 659 1200 760 eadem
1229 661 1404 761 saevire
1430 698 1696 763 necessum
1718 684 1833 765 est.

380 831 453 932 At
476 832 627 932 variae
652 830 860 967 fugiunt
884 830 1128 951 volucres,
1154 834 1440 971 pennisque
1465 858 1677 973 repente

382 1004 667 1106 Sollicitant
691 1005 863 1105 divdnr
888 1026 1137 1104 nocturno
1161 1028 1391 1144 ternpore
1415 1007 1571 1128 lucos,

378 1178 658 1318 Accipitres
684 1217 858 1279 somno
884 1178 937 1277 in
962 1177 1064 1277 leni
1092 1180 1131 1278 si
1158 1181 1351 1316 proelia,
1377 1218 1685 1325 pugnasque

380 1350 546 1453 Edere
573 1375 692 1453 sunt
714 1374 1070 1490 persectantes
1090 1355 1312 1493 visaeque
1338 1357 1578 1458 volantes.

437 1524 595 1627 Porro
609 1524 871 1627 1101111111
888 1548 1080 1626 mentes
1101 1529 1295 1665 magnis
1312 1566 1429 1667 quae
1445 1527 1669 1631 motibus
1691 1530 1900 1659 edunt,

379 1698 573 1839 Magna
598 1701 774 1802 itidem
794 1737 927 1837 saepe
947 1702 997 1800 in
1019 1701 1205 1800 somnis
1223 1700 1537 1839 faciuntque,
1557 1728 1901 1849 gerantque.

377 1875 542 2015 Reges
569 1900 883 2017 expugnant,
910 1880 1196 2016 capiuntur,
1223 1878 1401 2013 proelia
1425 1878 1636 1979 miscent
1651 1920 1667 2003 ;

374 2050 587 2153 Tollunt
611 2054 867 2172 clamoreS,
895 2052 1037 2189 quasi
1064 2050 1102 2147 si
1121 2048 1429 2186 jugulentur
1452 2052 1673 2178 ibidem3

375 2222 533 2327 Multi
559 2227 874 2364 depugnant,
902 2225 1224 2362 gemitusque
1250 2222 1508 2325 doloribus
1532 2227 1731 2353 edunt;
1870 2318 1874 2325 .

375 2398 444 2499 Et
468 2400 613 2539 quasi
639 2396 901 2536 pantherae
928 2437 1096 2500 morsu
1122 2399 1301 2498 saevive
1328 2397 1485 2498 leonis

373 2570 707 2691 Mandantur,
734 2574 930 2710 magnis
955 2570 1257 2673 clamoribus
1282 2572 1451 2672 omnia
1475 2570 1765 2708 complent.

374 2741 530 2844 Multi
558 2744 621 2844 de
648 2747 843 2883 magnis
867 2783 960 2882 per
986 2783 1216 2844 somnum
1241 2745 1394 2845 rebus
1417 2745 1729 2885 loquuntur,

374 2915 673 3056 Indicioque
701 2920 781 3019 sui
805 2918 923 3018 facti
949 2955 1175 3054 persaepe
1201 2917 1373 3018 suere:

371 3090 529 3193 Multi
556 3117 765 3193 mortem
793 3092 1002 3214 obeunt,
1031 3094 1194 3212 multi,
1224 3092 1287 3190 de
1314 3091 1570 3194 montibus
1596 3094 1718 3197 altis

372 3269 436 3369 Se
463 3273 603 3409 quasi
633 3272 954 3408 praecipitent
979 3270 1040 3368 ad
1069 3291 1253 3367 terram
1282 3304 1488 3405 corpore
1515 3290 1637 3389 toto,

370 3441 724 3564 Exterrentur,
752 3468 803 3543 et
827 3483 890 3543 ex
918 3481 1110 3562 somn0,
1138 3442 1282 3579 quasi
1307 3440 1562 3544 mentibus
1587 3446 1756 3581 eapti,

368 3614 468 3714 Vix
498 3616 561 3715 ad
589 3654 640 3714 se
666 3597 883 3715 redeunt
907 3615 1124 3751 permoti
1150 3618 1372 3752 corporis
1398 3639 1541 3717 aestu.

369 3789 580 3892 Flumen
609 3792 728 3890 item
757 3790 945 3910 sitiens,
971 3812 1060 3889 aut
1083 3787 1274 3888 fontem
1300 3813 1509 3928 propter
1533 3827 1817 3903 amoenum

367 3963 598 4081 Adsidet,
625 3986 678 4063 et
702 3986 864 4064 totum
891 4000 1050 4100 prope
1076 3961 1306 4062 faucibus
1332 3986 1546 4101 occupat
1569 4000 1814 4077 amnem.

368 4136 489 4237 Puri
517 4176 649 4274 saepe
675 4139 839 4237 laeum
867 4152 1091 4273 propter,
1118 4174 1186 4255 se,
1213 4175 1269 4236 ac
1296 4135 1430 4237 dolia
1454 4158 1611 4257 curta,

368 4308 556 4409 Somno
582 4309 801 4409 devincti
828 4311 1045 4410 credunt
1070 4311 1309 4411 extollere
1334 4334 1542 4431 vestem,

361 4479 541 4584 Totius
569 4481 831 4582 humorem
858 4507 1109 4584 saccatum
1135 4507 1194 4585 ut
1220 4488 1441 4623 corporis
1465 4485 1726 4591 fundant:

365 4656 534 4778 Quom
563 4656 876 4796 Babylonica
901 4659 1171 4798 magnifico
1199 4659 1468 4796 splendore
1494 4662 1767 4799 rigantur.

428 4830 579 4951 Turn,
609 4832 795 4970 quibus
822 4836 989 4933 aetatis
1014 4834 1144 4934 freta
1168 4834 1403 4974 primitus
1429 4834 1792 4971 insinuantur,

361 5007 543 5109 Semen
571 5006 657 5106 ubi
684 5007 793 5145 ipsa
819 5009 925 5110 dies
953 5008 1189 5109 membris
1216 5031 1412 5109 matura
1437 5010 1640 5133 creavit,
