4432 5984
727 366 1004 518 muna
1066 364 1498 459 QUARTUS·
1747 354 1846 461 163

360 621 484 744 Illis,
512 624 656 763 queis
682 661 831 724 suave
856 647 946 744 cst,
971 625 1237 725 laevissima
1261 664 1470 763 corpora
1496 626 1685 728 debent

361 797 803 900 Contrectabiliter
822 799 989 898 caulas
1013 798 1202 899 intrare
1229 801 1414 935 palati:

357 971 430 1072 At
453 994 641 1096 contra,
669 970 859 1111 quibus
883 994 958 1072 est
982 970 1158 1072 eadem
1183 1010 1261 1073 res
1286 974 1423 1074 intus
1448 973 1645 1093 acerba,

357 1145 552 1283 Aspera
575 1148 816 1248 ¹nimirum
841 1168 1111 1283 penetrant
1135 1144 1439 1285 hamataque
1465 1147 1669 1249 fauceis·

429 1316 587 1422 Nunc
612 1320 757 1455 facile
783 1359 847 1419 ex
872 1318 949 1418 his
973 1340 1048 1419 est
1073 1316 1224 1418 rebus
1249 1357 1547 1457 cognoscere
1567 1353 1805 1459 quaeque»

360 1488 584 1632 Quippe,
610 1493 702 1594 ubi
727 1496 849 1632 quoi
873 1492 1043 1613 fabrio,
1069 1489 1160 1590 bili
1185 1516 1471 1627 superante,
1498 1517 1668 1594 coorta
1693 1516 1783 1614 cst,

357 1665 467 1765 Aut
491 1666 589 1775 alia
614 1666 807 1767 ratione
833 1666 1003 1803 aliqua
1027 1688 1103 1765 est
1126 1667 1200 1766 vis
1225 1667 1391 1766 excita
1417 1666 1610 1791 morbi;
1644 1760 1646 1764 ,

358 1836 692 1941 Perturbatur
716 1841 787 1941 ibi
812 1864 974 1941 totum
991 1839 1100 1975 jam
1125 1877 1328 1979 corpus,
1354 1863 1406 1940 ct
1429 1878 1603 1941 omnes

361 2009 752 2114 Commutantur
775 2014 846 2114 ibi
870 2015 1111 2151 positurae
1137 2013 1530 2148 principiorum:

359 2184 456 2306 Fit,
482 2189 623 2323 prius
648 2188 712 2289 ad
740 2226 939 2289 sensum
966 2210 1025 2288 ut
1049 2224 1167 2326 quae
1192 2223 1404 2322 corpora
1427 2185 1793 2287 conveniebant

360 2357 517 2461 Nunc
542 2399 643 2460 non
669 2365 984 2482 conveniant,
1012 2385 1064 2461 et
1088 2380 1270 2459 caetera
1295 2358 1394 2457 sint
1418 2361 1577 2498 magis
1603 2383 1737 2496 apta,

360 2532 491 2652 Quae
516 2558 782 2673 penetrata
806 2535 1004 2674 queunt
1028 2571 1226 2634 sensum
1246 2535 1550 2671 progignere
1575 2535 1845 2662 acerbum;

358 2704 592 2845 Utraque
617 2709 752 2809 enim
779 2709 971 2809 suntin
998 2709 1160 2808 mellis
1185 2708 1444 2807 commista
1468 2745 1660 2846 sapore,

360 2877 418 2980 Id
448 2881 586 3018 quod
606 2882 714 3017 jam
738 2920 920 3019 supera
944 2881 1034 2981 tibi
1064 2918 1197 3016 saepe
1223 2881 1532 2981 ostendimus
1558 2906 1690 2984 ante.

430 3052 586 3155 Nunc
612 3084 721 3192 age,
749 3094 851 3194 quo
876 3079 1027 3194 pacto
1054 3053 1216 3154 nareis
1242 3052 1467 3190 adjectus
1491 3053 1659 3156 odoris

357 3223 573 3362 Tangat,
595 3264 758 3364 agam.
831 3226 1060 3327 Primum
1079 3265 1158 3327 res
1176 3228 1359 3329 multas
1378 3266 1484 3329 esse
1500 3267 1698 3330 necessa
1718 3253 1795 3330 est

361 3396 513 3501 Unde
539 3400 702 3500 fluens
726 3400 893 3500 volvat
914 3402 1081 3501 varius
1106 3441 1157 3504 se
1182 3406 1366 3505 fluctus
1390 3406 1634 3529 odorum;

361 3570 499 3674 Nam
524 3574 699 3692 fluere,
727 3596 779 3673 et
801 3575 933 3674 mitti
950 3576 1116 3712 volgo,
1138 3579 1410 3716 spargique
1428 3578 1716 3715 putandum
1735 3605 1841 3683 est:

358 3743 551 3846 Verum
577 3746 685 3846 aliis
709 3748 836 3848 alius
860 3749 1019 3886 magis
1044 3774 1121 3852 est
1145 3750 1483 3853 animantibus
1503 3775 1668 3890 aptuS,

333 3886 660 4018 ⁸Diss'imileis
684 3943 896 4056 propter
918 3920 1118 4046 formas,
1144 3924 1363 4063 ideoque
1380 3962 1474 4062 per
1492 3964 1637 4029 auras

360 4088 531 4194 Mollis
557 4129 677 4229 apes
701 4094 929 4230 quamvis
952 4095 1103 4234 longe
1129 4099 1388 4200 ducuntur
1410 4100 1594 4224 odore;

359 4264 686 4404 Volturiique
711 4264 1064 4370 cadaveribus:
1102 4294 1212 4373 tum
1236 4272 1351 4372 fissa
1375 4270 1596 4373 ferarum

360 4438 570 4581 Ungula
595 4464 700 4578 quo
723 4440 897 4540 tulerit
921 4478 1163 4578 gressum,
1189 4444 1432 4581 permissa
1456 4480 1637 4545 canum
1662 4447 1736 4548 vis

362 4611 549 4738 Ducit;
587 4636 640 4714 et
662 4612 939 4716 humanum
962 4616 1114 4755 longe
1132 4618 1395 4755 praesentit
1411 4615 1618 4718 odorem

360 4786 746 4891 Romulidarum
770 4789 895 4891 arcis
920 4814 1154 4912 servator,
1181 4789 1424 4893 candidus
1447 4826 1610 4896 anser.

430 4961 515 5068 Sic
539 4964 650 5066 aliis
673 4964 801 5067 alius
825 4964 974 5066 nidor
996 4964 1144 5066 datus
1168 4965 1233 5066 ad
1252 5002 1341 5067 sua
1359 5000 1618 5104 quemque
