4432 5984
723 384 1493 486 tur-'nun‘runrrus
1781 386 1879 503 mr

384 649 644 756 Pertineat
669 654 956 796 quidquam
980 672 1151 751 tamen
1177 651 1240 750 ad
1260 689 1350 751 nos
1376 652 1428 751 id
1449 651 1590 791 quod
1615 650 1822 776 factum,

383 824 678 967 Interrupta
703 830 857 929 semel
884 865 1041 968 quom
1068 827 1133 925 sit
1154 826 1437 962 repetentia
1463 848 1647 928 nostra.

381 998 452 1102 Et
476 1042 611 1104 nunc
637 1004 709 1104 nil
736 1002 800 1103 ad
827 1041 917 1104 nos
944 1002 1008 1101 de
1034 998 1180 1101 uobis
1206 1001 1402 1119 attinet,
1430 1024 1546 1100 ante

382 1172 489 1295 Qui
514 1176 721 1299 fuimus,
747 1216 840 1279 nec
858 1178 964 1316 jam
993 1177 1056 1276 de
1082 1176 1180 1275 illis
1206 1214 1297 1276 nos
1321 1175 1495 1276 adficit
1520 1214 1695 1315 angor,

381 1346 525 1469 Quos
546 1353 615 1453 de
642 1354 851 1453 materia
874 1373 1045 1452 nostra
1070 1387 1199 1450 nova
1222 1349 1448 1486 proferet
1473 1373 1623 1450 aetas:

379 1523 518 1627 Nam
545 1566 701 1666 quom
727 1529 963 1666 respicias
988 1526 1219 1626 immensi
1246 1524 1486 1661 temporis
1511 1563 1659 1625 omne

378 1697 700 1802 Praeteritum
727 1703 965 1840 spatium,
991 1704 1103 1800 tum
1128 1722 1294 1799 motus
1320 1701 1547 1799 materiai
1605 1720 1614 1735 '

377 1871 675 1976 Multimodi
703 1912 857 2015 quam
883 1876 984 1974 sint
999 1916 1013 1999 3
1050 1872 1196 1975 facile
1222 1872 1317 1976 hoo
1344 1874 1616 1977 adcredere
1639 1876 1816 2011 possis,
1901 1904 1906 1912 '

376 2048 581 2151 Semina
606 2087 741 2187 saepe
767 2051 821 2148 in
846 2049 1043 2169 eodem,
1069 2071 1129 2149 ut
1152 2087 1288 2149 nunc
1315 2071 1448 2169 sunt,
1483 2049 1661 2150 ordine
1686 2073 1861 2189 posta:

375 2221 491 2327 Nec
517 2226 726 2325 memori
751 2245 922 2324 tamen
947 2221 1001 2322 id
1028 2225 1231 2361 quimus
1258 2222 1573 2361 deprendere
1599 2246 1785 2328 mente.
1857 2210 1860 2217 ¹

373 2397 515 2500 Inter
540 2401 672 2500 enim
693 2399 831 2537 jecta
855 2421 931 2499 est
954 2399 1076 2498 vitai
1097 2435 1271 2535 pausa,
1297 2436 1530 2537 vageque
1576 2366 1580 2373 Ι

372 2570 693 2676 Deerrbrunt
714 2575 903 2712 passim
929 2594 1094 2674 motus
1118 2571 1183 2674 ab
1209 2573 1437 2676 sensibus
1461 2614 1656 2681 omnes.

441 2745 616 2851 Debet
630 2751 972 2872 enim3misere
986 2750 1108 2889 quoi
1123 2748 1254 2850 forte
1269 2787 1508 2889 aegreque
1523 2748 1753 2854 futurum
1769 2777 1862 2877 est,
1884 2766 1887 2773 ’

369 2921 488 3064 Ipse
503 2962 715 3065 quoque
731 2963 841 3027 esse
856 2927 911 3026 in
929 2964 991 3027 eo
1006 2946 1371 3064 tumtempore,
1382 2927 1687 3063 quommale
1703 2931 1862 3065 possit

366 3098 645 3201 Accidere:
682 3121 735 3199 at
758 3102 1003 3238 qnoniam
1024 3137 1160 3200 mors
1185 3100 1362 3199 eximit
1385 3099 1473 3218 im,
1497 3099 1858 3242 prohibetque,
1889 3104 1892 3111 ’

367 3270 543 3395 Illum,
567 3274 691 3412 quoi
714 3276 910 3413 possint
934 3274 1254 3377 incommoda
1278 3274 1532 3374 conciliari

291 3430 293 3435 ⁵
365 3445 494 3550 Haeo
513 3447 707 3568 eadem,
727 3448 781 3547 in
797 3449 987 3588 quibus
1000 3471 1058 3550 et
1073 3488 1208 3550 nunc
1224 3487 1313 3549 nos
1329 3487 1517 3569 sumus,
1535 3471 1656 3550 aute
1671 3449 1855 3581 fuisse3

368 3621 508 3725 Scire
538 3623 658 3723 lieet
680 3621 827 3724 nobis
851 3624 981 3726 nihil
1006 3664 1112 3726 esse
1135 3626 1187 3724 in
1215 3646 1376 3725 morte
1402 3624 1716 3727 timendum:

364 3794 478 3900 Nec
505 3799 742 3898 miserum
765 3799 895 3921 fieri,
922 3801 1140 3940 quinon
1165 3820 1257 3919 est,
1283 3835 1459 3936 posse3
1497 3837 1674 3940 neque·
1691 3798 1857 3905 hilum

363 3969 603 4092 Differre,
631 4009 696 4071 an
720 3974 864 4075 nullo
885 3974 1044 4076 fuerit
1060 3975 1169 4113 jam
1194 3996 1618 4111 temporenatus,

361 4138 636 4249 Mortalem
659 4147 814 4251 vitam
841 4187 976 4252 mors
1002 4151 1124 4290 quoi
1150 4150 1447 4250 immortalis
1472 4149 1685 4253 ademit..
1828 4208 1834 4219 ·

428 4319 652 4423 Proinde
670 4319 760 4422 ubi
785 4362 837 4424 se
861 4325 1032 4426 videas
1051 4321 1315 4426 bominem
1337 4323 1649 4462 indignarier
1666 4326 1851 4464 ipsum,

359 4494 482 4599 Post
508 4518 719 4598 mortem
746 4495 872 4620 fore,
898 4521 958 4600 ut
976 4521 1065 4600 aut
1089 4520 1345 4637 putrescat
1370 4536 1580 4637 corpore
1602 4523 1768 4639 posto,

357 4670 467 4772 Aut
491 4672 708 4772 flammis
732 4672 972 4797 interfiat,
997 4676 1203 4777 malisve
1227 4674 1479 4799 ferarum3

358 4845 499 4950 Scire
524 4846 659 4968 lieet,
686 4887 790 4948 non
814 4850 1066 4952 sincerum
1092 4889 1286 4972 sonere,
1313 4872 1469 4990 atque
1495 4848 1698 4950 subesse

359 5019 567 5125 Caecum
591 5021 815 5164 aliquem
839 5024 980 5129 cordi
994 5025 1282 5149 stimulum,
1310 5022 1540 5166 quamvis
1563 5047 1718 5163 neget
1742 5022 1853 5165 ipse
