4432 5984
448 374 551 467 eoo
776 374 835 463 r.
905 370 1333 515 nucarum
1400 370 1608 465 esar

445 632 622 734 Terrai
648 651 700 731 et
723 628 850 749 coeli,
878 666 1183 768 semperque
1208 650 1398 733 aeterna
1416 628 1573 742 fuere,

449 805 557 909 Cur
581 841 763 943 supera
786 800 977 904 bellum
1002 801 1322 923 Thebanum,
1349 826 1401 905 et
1424 804 1604 906 funera
1625 802 1818 945 Trojae,

449 979 573 1083 Non
598 980 719 1080 alias
745 978 828 1079 alii
855 1014 1064 1116 quoque
1085 1014 1165 1079 res
1189 981 1411 1082 recinere
1437 983 1634 1118 poetae?

451 1154 569 1279 Quo
596 1178 673 1255 tot
696 1154 828 1254 facta
851 1154 1015 1255 virdun
1039 1151 1188 1251 toties
1213 1153 1471 1257 cecidere?
1508 1193 1601 1257 nec
1626 1190 1846 1295 usquam

448 1329 675 1431 AEternis
700 1327 847 1428 famae
874 1325 1213 1426 monument-is
1237 1326 1387 1426 insita
1410 1330 1626 1431 florenti

491 1496 1964 1643 Verum(utopinor)habetnovitatemsumma,recensque

452 1674 656 1779 Natura
681 1697 757 1775 est
781 1674 975 1794 mundi,
997 1712 1164 1813 neque
1190 1676 1389 1813 pridem
1415 1678 1623 1778 exordia
1646 1677 1798 1814 cepit.

452 1849 624 1971 Quare
649 1850 798 1950 etiam
827 1846 1064 1987 quaedam
1088 1886 1223 1949 nunc
1249 1875 1379 1952 artes
1404 1853 1747 1990 expoliuntur,
1849 1891 1853 1899 ·

452 2020 610 2127 Nunc
636 2021 784 2122 etiam
812 2042 1121 2157 augeseuut3
1158 2058 1294 2123 nunc
1320 2025 1493 2125 addita
1517 2026 1728 2163 navigiis
1752 2046 1884 2127 sunt

456 2196 652 2297 Multa:
693 2192 844 2294 modo
869 2194 1093 2329 organici
1121 2194 1321 2297 melicos
1346 2234 1590 2334 peperere
1610 2232 1829 2299 sonores.
1859 2238 1863 2243 ·
1899 2244 1902 2249 ·

453 2370 693 2508 Denique
720 2389 903 2466 natura
927 2364 1035 2468 haec
1062 2406 1230 2469 rernm
1256 2372 1488 2509 ratioque
1514 2392 1718 2509 reperta
1742 2392 1820 2471 est

455 2542 654 2680 Nuper,
681 2563 734 2642 et
758 2537 888 2640 hanc
913 2540 1108 2676 primus
1133 2578 1248 2640 cum
1273 2542 1450 2679 primis
1475 2542 1583 2679 ipse
1608 2564 1843 2679 repertus

456 2714 613 2819 Nunc
638 2754 733 2853 ego
759 2750 886 2833 sum,
914 2714 965 2812 in
992 2714 1179 2849 patrias
1205 2714 1295 2852 qui
1322 2715 1507 2849 possim
1532 2734 1731 2814 vertere·
1754 2752 1936 2821 voces.-

526 2893 679 3015 Quod
709 2894 748 2994 si
774 2892 903 2993 forte
922 2890 1073 2989 fuisse
1099 2884 1311 2987 antehac
1336 2886 1513 2985 eadem
1536 2886 1706 2986 omnia
1729 2888 1926 3013 credis,

456 3068 555 3169 Sed
583 3068 788 3206 periisse
815 3062 1077 3163 hominum
1102 3060 1310 3161 torrenti
1339 3056 1487 3158 saecla
1508 3096 1710 3196 vapore,

454 3244 562 3343 Aut
587 3239 821 3340 cecidisse
847 3234 1017 3336 urbeis
1044 3274 1226 3374 magno
1250 3232 1513 3334 vexamine
1539 3231 1734 3351 mundi,

456 3414 563 3513 Aut
587 3452 649 3512 ex
676 3409 924 3510 imbribus
948 3406 1173 3508 adsiduis
1199 3407 1357 3505 exisse
1382 3406 1606 3543 rapaceis

458 3585 559 3686 Per
582 3610 739 3684 terras
765 3581 970 3701 amneis,
993 3603 1148 3718 atque
1172 3576 1364 3715 oppida
1388 3578 1732 3713 cooperuisse:

455 3756 621 3858 Tanto
649 3758 843 3895 quippe
870 3754 1030 3890 magis
1054 3752 1215 3853 victus
1242 3748 1427 3848 fateare
1453 3787 1653 3851 necesse
1678 3776 1770 3877 est,

460 3934 688 4034 Exitium
716 3967 921 4070 quoque
947 3933 1099 4025 terrai
1125 3924 1339 4061 coelique
1366 3922 1613 4028 futurum.

461 4105 598 4208 Nam
625 4142 780 4243 quom
807 4140 886 4202 res
912 4100 1065 4199 tantis
1092 4096 1277 4198 morbis
1302 4098 1558 4236 tantisque
1584 4100 1790 4236 periclis
1837 4152 1841 4159 ·
1877 4160 1910 4193 ·.

457 4280 816 4403 Tentarentur‚
842 4274 915 4375 ibi
940 4273 980 4373 si
1007 4274 1196 4374 tristior
1220 4273 1532 4374 incubuisset

404 4524 409 4531 ·
463 4451 646 4572 Causa,
668 4450 848 4550 darent
872 4446 972 4547 late
998 4446 1191 4547 cladem
1218 4482 1530 4585 magnasque
1554 4447 1759 4550 ruinas:
1797 4480 1846 4573 εἰ,
1862 4466 2013 4543 t·-

466 4626 578 4731 Nec
604 4625 798 4727 ratione
823 4622 922 4721 alia
946 4621 1180 4722 mortales
1205 4661 1311 4722 esse
1334 4622 1568 4723 videmur
1616 4714 1621 4721 .

463 4798 605 4900 Inter
630 4835 736 4914 nos,
762 4796 857 4894 nisi
887 4793 1025 4933 quod
1052 4793 1239 4896 morbis
1265 4797 1575 4935 aegriseimus
1598 4792 1783 4919 isdem,

462 4974 635 5111 Atque
660 4971 751 5089 illi,
780 5006 908 5107 quos
933 5006 963 5068 a
986 4970 1089 5070 vita
1112 4991 1295 5070 natura
1318 4969 1544 5071 removit.
1655 5048 1658 5053 .
