<?xml version="1.0" encoding="UTF-8"?>
<!DOCTYPE html PUBLIC "-//W3C//DTD XHTML 1.0 Transitional//EN"
    "http://www.w3.org/TR/xhtml1/DTD/xhtml1-transitional.dtd">
<html xmlns="http://www.w3.org/1999/xhtml" xml:lang="en" lang="en">
 <head>
  <title>
</title>
<meta http-equiv="Content-Type" content="text/html;charset=utf-8" />
  <meta name='ocr-system' content='tesseract 3.04.00' />
  <meta name='ocr-capabilities' content='ocr_page ocr_carea ocr_par ocr_line ocrx_word'/>
</head>
<body>
  <div class='ocr_page' id='page_1' title='image "./tlucretiicaride01carugoog_0134.png"; bbox 0 0 4432 5984; ppageno 0'>
   <div class='ocr_carea' id='block_1_1' title="bbox 666 378 1838 482">
    <p class='ocr_par' dir='ltr' id='par_1_1' title="bbox 666 378 1838 482">
     <span class='ocr_line' id='line_1_1' title="bbox 666 378 1838 482; baseline -0.003 -3"><span class='ocrx_word' id='word_1_1' title='bbox 666 390 979 482; x_wconf 83' lang='lat' dir='ltr'>LIBER¹</span> <span class='ocrx_word' id='word_1_2' title='bbox 1016 384 1419 481; x_wconf 85' lang='lat' dir='ltr'><strong>TERTIUS.</strong></span> <span class='ocrx_word' id='word_1_3' title='bbox 1742 378 1838 475; x_wconf 73' lang='lat' dir='ltr'>leo</span> 
     </span>
    </p>
   </div>
   <div class='ocr_carea' id='block_1_2' title="bbox 279 649 1847 2005">
    <p class='ocr_par' dir='ltr' id='par_1_2' title="bbox 356 649 1648 962">
     <span class='ocr_line' id='line_1_2' title="bbox 356 649 1562 785; baseline -0.003 -36"><span class='ocrx_word' id='word_1_4' title='bbox 356 649 464 750; x_wconf 89' lang='lat' dir='ltr'>Aut</span> <span class='ocrx_word' id='word_1_5' title='bbox 487 650 602 749; x_wconf 87' lang='lat' dir='ltr'>ideo</span> <span class='ocrx_word' id='word_1_6' title='bbox 629 649 812 751; x_wconf 85' lang='lat' dir='ltr'>durare</span> <span class='ocrx_word' id='word_1_7' title='bbox 839 674 1039 752; x_wconf 87' lang='lat' dir='ltr'>aetatem</span> <span class='ocrx_word' id='word_1_8' title='bbox 1059 686 1204 785; x_wconf 89' lang='lat' dir='ltr'>posse</span> <span class='ocrx_word' id='word_1_9' title='bbox 1229 683 1562 784; x_wconf 85' lang='lat' dir='ltr'>peromnem,</span> 
     </span>
     <span class='ocr_line' id='line_1_3' title="bbox 357 821 1648 962; baseline -0.004 -39"><span class='ocrx_word' id='word_1_10' title='bbox 357 821 631 962; x_wconf 86' lang='lat' dir='ltr'>Plagarum</span> <span class='ocrx_word' id='word_1_11' title='bbox 656 826 780 962; x_wconf 87' lang='lat' dir='ltr'>quia</span> <span class='ocrx_word' id='word_1_12' title='bbox 803 848 923 926; x_wconf 89' lang='lat' dir='ltr'>sunt</span> <span class='ocrx_word' id='word_1_13' title='bbox 946 827 1191 962; x_wconf 83' lang='lat' dir='ltr'>expertia,</span> <span class='ocrx_word' id='word_1_14' title='bbox 1218 826 1347 923; x_wconf 86' lang='lat' dir='ltr'>sicut</span> <span class='ocrx_word' id='word_1_15' title='bbox 1370 823 1519 920; x_wconf 87' lang='lat' dir='ltr'>inane</span> <span class='ocrx_word' id='word_1_16' title='bbox 1545 843 1648 943; x_wconf 86' lang='lat' dir='ltr'>est3</span> 
     </span>
    </p>

    <p class='ocr_par' dir='ltr' id='par_1_3' title="bbox 354 993 1840 1309">
     <span class='ocr_line' id='line_1_4' title="bbox 358 993 1840 1135; baseline 0.001 -40"><span class='ocrx_word' id='word_1_17' title='bbox 358 993 512 1115; x_wconf 83' lang='lat' dir='ltr'>Quod</span> <span class='ocrx_word' id='word_1_18' title='bbox 538 1019 710 1098; x_wconf 87' lang='lat' dir='ltr'>manet</span> <span class='ocrx_word' id='word_1_19' title='bbox 726 999 989 1118; x_wconf 87' lang='lat' dir='ltr'>intactum,</span> <span class='ocrx_word' id='word_1_20' title='bbox 1007 1035 1176 1135; x_wconf 87' lang='lat' dir='ltr'>neque</span> <span class='ocrx_word' id='word_1_21' title='bbox 1196 995 1259 1096; x_wconf 88' lang='lat' dir='ltr'>ab</span> <span class='ocrx_word' id='word_1_22' title='bbox 1280 998 1382 1097; x_wconf 89' lang='lat' dir='ltr'>ictu</span> <span class='ocrx_word' id='word_1_23' title='bbox 1404 996 1637 1131; x_wconf 84' lang='lat' dir='ltr'>fungitur</span> <span class='ocrx_word' id='word_1_24' title='bbox 1655 993 1840 1097; x_wconf 87' lang='lat' dir='ltr'>hilum:</span> 
     </span>
     <span class='ocr_line' id='line_1_5' title="bbox 354 1168 1546 1309; baseline -0.003 -38"><span class='ocrx_word' id='word_1_25' title='bbox 354 1168 464 1271; x_wconf 88' lang='lat' dir='ltr'>Aut</span> <span class='ocrx_word' id='word_1_26' title='bbox 489 1171 619 1290; x_wconf 90' lang='lat' dir='ltr'>ideo,</span> <span class='ocrx_word' id='word_1_27' title='bbox 647 1173 770 1309; x_wconf 90' lang='lat' dir='ltr'>quia</span> <span class='ocrx_word' id='word_1_28' title='bbox 794 1173 935 1273; x_wconf 89' lang='lat' dir='ltr'>nulla</span> <span class='ocrx_word' id='word_1_29' title='bbox 959 1172 1055 1271; x_wconf 89' lang='lat' dir='ltr'>loci</span> <span class='ocrx_word' id='word_1_30' title='bbox 1082 1171 1146 1269; x_wconf 90' lang='lat' dir='ltr'>sit</span> <span class='ocrx_word' id='word_1_31' title='bbox 1171 1170 1314 1306; x_wconf 87' lang='lat' dir='ltr'>copia</span> <span class='ocrx_word' id='word_1_32' title='bbox 1341 1171 1546 1286; x_wconf 86' lang='lat' dir='ltr'>circum,</span> 
     </span>
    </p>

    <p class='ocr_par' dir='ltr' id='par_1_4' title="bbox 360 1341 1626 1484">
     <span class='ocr_line' id='line_1_6' title="bbox 360 1341 1626 1484; baseline -0.005 -40"><span class='ocrx_word' id='word_1_33' title='bbox 360 1341 480 1463; x_wconf 86' lang='lat' dir='ltr'>Quo</span> <span class='ocrx_word' id='word_1_34' title='bbox 507 1348 652 1484; x_wconf 83' lang='lat' dir='ltr'>quasi</span> <span class='ocrx_word' id='word_1_35' title='bbox 679 1385 757 1447; x_wconf 87' lang='lat' dir='ltr'>res</span> <span class='ocrx_word' id='word_1_36' title='bbox 782 1346 976 1483; x_wconf 86' lang='lat' dir='ltr'>possint</span> <span class='ocrx_word' id='word_1_37' title='bbox 1000 1342 1258 1442; x_wconf 81' lang='lat' dir='ltr'>discedere</span> <span class='ocrx_word' id='word_1_38' title='bbox 1286 1343 1626 1479; x_wconf 84' lang='lat' dir='ltr'>dissolui&#39;que3</span> 
     </span>
    </p>

    <p class='ocr_par' dir='ltr' id='par_1_5' title="bbox 279 1518 1847 2005">
     <span class='ocr_line' id='line_1_7' title="bbox 358 1518 1762 1654; baseline -0.004 -31"><span class='ocrx_word' id='word_1_39' title='bbox 358 1518 503 1623; x_wconf 86' lang='lat' dir='ltr'>Siout</span> <span class='ocrx_word' id='word_1_40' title='bbox 526 1558 837 1624; x_wconf 87' lang='lat' dir='ltr'>summarum</span> <span class='ocrx_word' id='word_1_41' title='bbox 872 1557 1067 1620; x_wconf 89' lang='lat' dir='ltr'>summa</span> <span class='ocrx_word' id='word_1_42' title='bbox 1091 1542 1166 1619; x_wconf 88' lang='lat' dir='ltr'>est</span> <span class='ocrx_word' id='word_1_43' title='bbox 1191 1541 1396 1637; x_wconf 86' lang='lat' dir='ltr'>aeterna,</span> <span class='ocrx_word' id='word_1_44' title='bbox 1423 1555 1590 1654; x_wconf 88' lang='lat' dir='ltr'>neque</span> <span class='ocrx_word' id='word_1_45' title='bbox 1617 1538 1762 1617; x_wconf 84' lang='lat' dir='ltr'>extra</span> 
     </span>
     <span class='ocr_line' id='line_1_8' title="bbox 360 1692 1847 1835; baseline 0.001 -40"><span class='ocrx_word' id='word_1_46' title='bbox 360 1692 490 1814; x_wconf 83' lang='lat' dir='ltr'>Quis</span> <span class='ocrx_word' id='word_1_47' title='bbox 507 1696 647 1797; x_wconf 87' lang='lat' dir='ltr'>locus</span> <span class='ocrx_word' id='word_1_48' title='bbox 662 1719 738 1796; x_wconf 92' lang='lat' dir='ltr'>est</span> <span class='ocrx_word' id='word_1_49' title='bbox 753 1734 857 1834; x_wconf 92' lang='lat' dir='ltr'>quo</span> <span class='ocrx_word' id='word_1_50' title='bbox 873 1694 1109 1832; x_wconf 82' lang='lat' dir='ltr'>diffugiat</span> <span class='ocrx_word' id='word_1_51' title='bbox 1126 1737 1139 1820; x_wconf 92' lang='lat'>;</span> <span class='ocrx_word' id='word_1_52' title='bbox 1166 1734 1335 1835; x_wconf 86' lang='lat' dir='ltr'>neque</span> <span class='ocrx_word' id='word_1_53' title='bbox 1355 1732 1566 1830; x_wconf 87' lang='lat' dir='ltr'>corpora</span> <span class='ocrx_word' id='word_1_54' title='bbox 1585 1716 1704 1795; x_wconf 88' lang='lat' dir='ltr'>sunt</span> <span class='ocrx_word' id='word_1_55' title='bbox 1728 1733 1847 1833; x_wconf 86' lang='lat' dir='ltr'>quae</span> 
     </span>
     <span class='ocr_line' id='line_1_9' title="bbox 279 1862 1600 2005; baseline 0.001 -38"><span class='ocrx_word' id='word_1_56' title='bbox 279 1874 287 1891; x_wconf 89' lang='grc'><strong>’</strong></span> <span class='ocrx_word' id='word_1_57' title='bbox 363 1862 565 1968; x_wconf 85' lang='lat' dir='ltr'>Possint</span> <span class='ocrx_word' id='word_1_58' title='bbox 589 1871 827 1991; x_wconf 84' lang='lat' dir='ltr'>incidere,</span> <span class='ocrx_word' id='word_1_59' title='bbox 855 1892 907 1970; x_wconf 85' lang='lat' dir='ltr'>et</span> <span class='ocrx_word' id='word_1_60' title='bbox 929 1868 1097 1969; x_wconf 88' lang='lat' dir='ltr'>valida</span> <span class='ocrx_word' id='word_1_61' title='bbox 1122 1870 1392 1970; x_wconf 85' lang='lat' dir='ltr'>dissolvere</span> <span class='ocrx_word' id='word_1_62' title='bbox 1419 1870 1600 2005; x_wconf 83' lang='lat' dir='ltr'>plaga:</span> 
     </span>
    </p>
   </div>
   <div class='ocr_carea' id='block_1_3' title="bbox 193 2044 1726 2186">
    <p class='ocr_par' dir='ltr' id='par_1_6' title="bbox 193 2044 1726 2186">
     <span class='ocr_line' id='line_1_10' title="bbox 193 2044 1726 2186; baseline 0 -41"><span class='ocrx_word' id='word_1_63' title='bbox 193 2096 200 2115; x_wconf 74' lang='lat'>=</span> <span class='ocrx_word' id='word_1_64' title='bbox 358 2047 431 2145; x_wconf 84' lang='lat' dir='ltr'>At</span> <span class='ocrx_word' id='word_1_65' title='bbox 454 2085 623 2186; x_wconf 88' lang='lat' dir='ltr'>neque</span> <span class='ocrx_word' id='word_1_66' title='bbox 650 2048 750 2182; x_wconf 88' lang='lat' dir='ltr'>(uti</span> <span class='ocrx_word' id='word_1_67' title='bbox 779 2045 957 2176; x_wconf 89' lang='lat' dir='ltr'>docui)</span> <span class='ocrx_word' id='word_1_68' title='bbox 985 2044 1144 2144; x_wconf 89' lang='lat' dir='ltr'>solido</span> <span class='ocrx_word' id='word_1_69' title='bbox 1169 2083 1283 2146; x_wconf 89' lang='lat' dir='ltr'>cum</span> <span class='ocrx_word' id='word_1_70' title='bbox 1310 2066 1517 2182; x_wconf 77' lang='lat' dir='ltr'>corpote</span> <span class='ocrx_word' id='word_1_71' title='bbox 1543 2046 1726 2145; x_wconf 88' lang='lat' dir='ltr'>mentis</span> 
     </span>
    </p>
   </div>
   <div class='ocr_carea' id='block_1_4' title="bbox 289 2216 1923 4450">
    <p class='ocr_par' dir='ltr' id='par_1_7' title="bbox 289 2216 1923 3752">
     <span class='ocr_line' id='line_1_11' title="bbox 361 2216 1923 2359; baseline 0.003 -40"><span class='ocrx_word' id='word_1_72' title='bbox 361 2216 566 2319; x_wconf 88' lang='lat' dir='ltr'>Natura</span> <span class='ocrx_word' id='word_1_73' title='bbox 590 2243 681 2341; x_wconf 91' lang='lat' dir='ltr'>est,</span> <span class='ocrx_word' id='word_1_74' title='bbox 710 2223 949 2359; x_wconf 90' lang='lat' dir='ltr'>quoniam</span> <span class='ocrx_word' id='word_1_75' title='bbox 975 2220 1246 2322; x_wconf 88' lang='lat' dir='ltr'>admistum</span> <span class='ocrx_word' id='word_1_76' title='bbox 1274 2220 1426 2319; x_wconf 87' lang='lat' dir='ltr'>estin</span> <span class='ocrx_word' id='word_1_77' title='bbox 1451 2216 1604 2320; x_wconf 87' lang='lat' dir='ltr'>rebus</span> <span class='ocrx_word' id='word_1_78' title='bbox 1630 2220 1810 2323; x_wconf 86' lang='lat' dir='ltr'>inane:</span> <span class='ocrx_word' id='word_1_79' title='bbox 1919 2234 1923 2241; x_wconf 82' lang='grc'><strong>’</strong></span> 
     </span>
     <span class='ocr_line' id='line_1_12' title="bbox 360 2390 1848 2534; baseline 0.001 -41"><span class='ocrx_word' id='word_1_80' title='bbox 360 2390 475 2493; x_wconf 88' lang='lat' dir='ltr'>Neo</span> <span class='ocrx_word' id='word_1_81' title='bbox 494 2416 663 2494; x_wconf 91' lang='lat' dir='ltr'>tamen</span> <span class='ocrx_word' id='word_1_82' title='bbox 678 2418 755 2494; x_wconf 88' lang='lat' dir='ltr'>est</span> <span class='ocrx_word' id='word_1_83' title='bbox 772 2418 831 2496; x_wconf 91' lang='lat' dir='ltr'>ut</span> <span class='ocrx_word' id='word_1_84' title='bbox 849 2398 1029 2498; x_wconf 85' lang='lat' dir='ltr'>inane:</span> <span class='ocrx_word' id='word_1_85' title='bbox 1051 2434 1220 2534; x_wconf 86' lang='lat' dir='ltr'>neque</span> <span class='ocrx_word' id='word_1_86' title='bbox 1234 2416 1403 2494; x_wconf 87' lang='lat' dir='ltr'>autem</span> <span class='ocrx_word' id='word_1_87' title='bbox 1420 2428 1631 2529; x_wconf 88' lang='lat' dir='ltr'>corpora</span> <span class='ocrx_word' id='word_1_88' title='bbox 1647 2391 1848 2516; x_wconf 90' lang='lat' dir='ltr'>desunt,</span> 
     </span>
     <span class='ocr_line' id='line_1_13' title="bbox 289 2556 1382 2706; baseline 0.001 -39"><span class='ocrx_word' id='word_1_89' title='bbox 289 2556 298 2569; x_wconf 51' lang='lat'><strong>⁹</strong></span> <span class='ocrx_word' id='word_1_90' title='bbox 361 2564 444 2667; x_wconf 84' lang='lat' dir='ltr'>Ex</span> <span class='ocrx_word' id='word_1_91' title='bbox 468 2566 668 2666; x_wconf 84' lang='lat' dir='ltr'>infinito</span> <span class='ocrx_word' id='word_1_92' title='bbox 694 2607 812 2706; x_wconf 85' lang='lat' dir='ltr'>quae</span> <span class='ocrx_word' id='word_1_93' title='bbox 837 2571 1033 2706; x_wconf 86' lang='lat' dir='ltr'>possint</span> <span class='ocrx_word' id='word_1_94' title='bbox 1056 2570 1185 2669; x_wconf 87' lang='lat' dir='ltr'>forte</span> <span class='ocrx_word' id='word_1_95' title='bbox 1211 2590 1382 2668; x_wconf 86' lang='lat' dir='ltr'>coorta</span> 
     </span>
     <span class='ocr_line' id='line_1_14' title="bbox 362 2736 1672 2864; baseline 0.004 -25"><span class='ocrx_word' id='word_1_96' title='bbox 362 2736 610 2841; x_wconf 89' lang='lat' dir='ltr'>Proruere</span> <span class='ocrx_word' id='word_1_97' title='bbox 635 2741 767 2843; x_wconf 87' lang='lat' dir='ltr'>banc</span> <span class='ocrx_word' id='word_1_98' title='bbox 792 2745 977 2844; x_wconf 85' lang='lat' dir='ltr'>mentis</span> <span class='ocrx_word' id='word_1_99' title='bbox 1003 2745 1219 2845; x_wconf 84' lang='lat' dir='ltr'>violento</span> <span class='ocrx_word' id='word_1_100' title='bbox 1238 2741 1443 2842; x_wconf 85' lang='lat' dir='ltr'>turbine</span> <span class='ocrx_word' id='word_1_101' title='bbox 1469 2744 1672 2864; x_wconf 86' lang='lat' dir='ltr'>molem,</span> 
     </span>
     <span class='ocr_line' id='line_1_15' title="bbox 361 2914 1649 3057; baseline 0.004 -43"><span class='ocrx_word' id='word_1_102' title='bbox 361 2914 471 3017; x_wconf 89' lang='lat' dir='ltr'>Aut</span> <span class='ocrx_word' id='word_1_103' title='bbox 495 2917 644 3017; x_wconf 89' lang='lat' dir='ltr'>aliam</span> <span class='ocrx_word' id='word_1_104' title='bbox 670 2920 900 3057; x_wconf 91' lang='lat' dir='ltr'>quamvis</span> <span class='ocrx_word' id='word_1_105' title='bbox 925 2917 1120 3018; x_wconf 87' lang='lat' dir='ltr'>cladem</span> <span class='ocrx_word' id='word_1_106' title='bbox 1146 2920 1418 3054; x_wconf 86' lang='lat' dir='ltr'>importare</span> <span class='ocrx_word' id='word_1_107' title='bbox 1442 2919 1649 3054; x_wconf 88' lang='lat' dir='ltr'>pericli:</span> 
     </span>
     <span class='ocr_line' id='line_1_16' title="bbox 366 3087 1624 3230; baseline 0.003 -41"><span class='ocrx_word' id='word_1_108' title='bbox 366 3087 480 3190; x_wconf 88' lang='lat' dir='ltr'>Nec</span> <span class='ocrx_word' id='word_1_109' title='bbox 505 3128 658 3227; x_wconf 89' lang='lat' dir='ltr'>porro</span> <span class='ocrx_word' id='word_1_110' title='bbox 683 3115 865 3192; x_wconf 85' lang='lat' dir='ltr'>natura</span> <span class='ocrx_word' id='word_1_111' title='bbox 888 3091 1004 3211; x_wconf 87' lang='lat' dir='ltr'>loci,</span> <span class='ocrx_word' id='word_1_112' title='bbox 1029 3095 1353 3230; x_wconf 86' lang='lat' dir='ltr'>spatiumque</span> <span class='ocrx_word' id='word_1_113' title='bbox 1379 3093 1624 3229; x_wconf 83' lang='lat' dir='ltr'>profundi</span> 
     </span>
     <span class='ocr_line' id='line_1_17' title="bbox 365 3258 1471 3404; baseline 0.002 -42"><span class='ocrx_word' id='word_1_114' title='bbox 365 3260 571 3384; x_wconf 88' lang='lat' dir='ltr'>Deficit,</span> <span class='ocrx_word' id='word_1_115' title='bbox 598 3258 833 3403; x_wconf 67' lang='lat' dir='ltr'>exsper&#39;gi</span> <span class='ocrx_word' id='word_1_116' title='bbox 860 3304 965 3404; x_wconf 89' lang='lat' dir='ltr'>quo</span> <span class='ocrx_word' id='word_1_117' title='bbox 989 3269 1147 3402; x_wconf 87' lang='lat' dir='ltr'>possit</span> <span class='ocrx_word' id='word_1_118' title='bbox 1170 3269 1245 3366; x_wconf 86' lang='lat' dir='ltr'>vis</span> <span class='ocrx_word' id='word_1_119' title='bbox 1270 3268 1471 3383; x_wconf 88' lang='lat' dir='ltr'>animai,</span> 
     </span>
     <span class='ocr_line' id='line_1_18' title="bbox 364 3435 1450 3577; baseline 0.003 -42"><span class='ocrx_word' id='word_1_120' title='bbox 364 3435 473 3538; x_wconf 91' lang='lat' dir='ltr'>Aut</span> <span class='ocrx_word' id='word_1_121' title='bbox 497 3439 596 3537; x_wconf 89' lang='lat' dir='ltr'>alia</span> <span class='ocrx_word' id='word_1_122' title='bbox 620 3442 797 3577; x_wconf 90' lang='lat' dir='ltr'>quavis</span> <span class='ocrx_word' id='word_1_123' title='bbox 822 3442 982 3577; x_wconf 87' lang='lat' dir='ltr'>possit</span> <span class='ocrx_word' id='word_1_124' title='bbox 1005 3443 1053 3541; x_wconf 87' lang='lat' dir='ltr'>vi</span> <span class='ocrx_word' id='word_1_125' title='bbox 1080 3440 1225 3577; x_wconf 85' lang='lat' dir='ltr'>pulsa</span> <span class='ocrx_word' id='word_1_126' title='bbox 1254 3440 1450 3575; x_wconf 88' lang='lat' dir='ltr'>perire:</span> 
     </span>
     <span class='ocr_line' id='line_1_19' title="bbox 368 3608 1614 3752; baseline 0.006 -42"><span class='ocrx_word' id='word_1_127' title='bbox 368 3608 522 3712; x_wconf 87' lang='lat' dir='ltr'>Haud</span> <span class='ocrx_word' id='word_1_128' title='bbox 549 3615 709 3751; x_wconf 87' lang='lat' dir='ltr'>igitur</span> <span class='ocrx_word' id='word_1_129' title='bbox 732 3613 860 3713; x_wconf 87' lang='lat' dir='ltr'>lethi</span> <span class='ocrx_word' id='word_1_130' title='bbox 883 3616 1132 3752; x_wconf 84' lang='lat' dir='ltr'>praeclusa</span> <span class='ocrx_word' id='word_1_131' title='bbox 1156 3636 1231 3712; x_wconf 88' lang='lat' dir='ltr'>est</span> <span class='ocrx_word' id='word_1_132' title='bbox 1248 3613 1410 3749; x_wconf 85' lang='lat' dir='ltr'>janua</span> <span class='ocrx_word' id='word_1_133' title='bbox 1435 3616 1614 3717; x_wconf 89' lang='lat' dir='ltr'>menti.</span> 
     </span>
    </p>

    <p class='ocr_par' dir='ltr' id='par_1_8' title="bbox 367 3782 1843 4450">
     <span class='ocr_line' id='line_1_20' title="bbox 436 3782 1843 3925; baseline 0.01 -40"><span class='ocrx_word' id='word_1_134' title='bbox 436 3782 592 3905; x_wconf 82' lang='lat' dir='ltr'>Quod</span> <span class='ocrx_word' id='word_1_135' title='bbox 618 3789 658 3886; x_wconf 91' lang='lat' dir='ltr'>si</span> <span class='ocrx_word' id='word_1_136' title='bbox 684 3788 812 3888; x_wconf 87' lang='lat' dir='ltr'>forte</span> <span class='ocrx_word' id='word_1_137' title='bbox 839 3789 954 3890; x_wconf 89' lang='lat' dir='ltr'>ideo</span> <span class='ocrx_word' id='word_1_138' title='bbox 979 3788 1139 3925; x_wconf 85' lang='lat' dir='ltr'>magis</span> <span class='ocrx_word' id='word_1_139' title='bbox 1163 3786 1462 3885; x_wconf 82' lang='lat' dir='ltr'>immortalis</span> <span class='ocrx_word' id='word_1_140' title='bbox 1487 3784 1729 3897; x_wconf 81' lang='lat' dir='ltr'>habenda</span> <span class='ocrx_word' id='word_1_141' title='bbox 1750 3820 1843 3921; x_wconf 79' lang='lat' dir='ltr'>est,</span> 
     </span>
     <span class='ocr_line' id='line_1_21' title="bbox 369 3956 1578 4087; baseline 0 -25"><span class='ocrx_word' id='word_1_142' title='bbox 369 3956 523 4079; x_wconf 81' lang='lat' dir='ltr'>Quod</span> <span class='ocrx_word' id='word_1_143' title='bbox 547 3961 824 4064; x_wconf 89' lang='lat' dir='ltr'>lethalibus</span> <span class='ocrx_word' id='word_1_144' title='bbox 848 3964 914 4065; x_wconf 87' lang='lat' dir='ltr'>ab</span> <span class='ocrx_word' id='word_1_145' title='bbox 938 3964 1090 4064; x_wconf 88' lang='lat' dir='ltr'>rebus</span> <span class='ocrx_word' id='word_1_146' title='bbox 1116 3960 1311 4061; x_wconf 87' lang='lat' dir='ltr'>munita</span> <span class='ocrx_word' id='word_1_147' title='bbox 1334 3978 1578 4087; x_wconf 85' lang='lat' dir='ltr'>tenetur3</span> 
     </span>
     <span class='ocr_line' id='line_1_22' title="bbox 367 4132 1646 4272; baseline 0.005 -40"><span class='ocrx_word' id='word_1_148' title='bbox 367 4132 475 4234; x_wconf 90' lang='lat' dir='ltr'>Aut</span> <span class='ocrx_word' id='word_1_149' title='bbox 499 4138 622 4272; x_wconf 87' lang='lat' dir='ltr'>quia</span> <span class='ocrx_word' id='word_1_150' title='bbox 646 4176 747 4237; x_wconf 92' lang='lat' dir='ltr'>non</span> <span class='ocrx_word' id='word_1_151' title='bbox 772 4141 984 4239; x_wconf 88' lang='lat' dir='ltr'>veniunt</span> <span class='ocrx_word' id='word_1_152' title='bbox 1008 4140 1215 4239; x_wconf 85' lang='lat' dir='ltr'>omnino</span> <span class='ocrx_word' id='word_1_153' title='bbox 1239 4133 1406 4231; x_wconf 84' lang='lat' dir='ltr'>aliena</span> <span class='ocrx_word' id='word_1_154' title='bbox 1432 4134 1615 4239; x_wconf 77' lang='lat' dir='ltr'>salutis</span> <span class='ocrx_word' id='word_1_155' title='bbox 1629 4184 1646 4265; x_wconf 92' lang='lat'>;</span> 
     </span>
     <span class='ocr_line' id='line_1_23' title="bbox 369 4304 1713 4450; baseline 0.007 -43"><span class='ocrx_word' id='word_1_156' title='bbox 369 4304 476 4407; x_wconf 85' lang='lat' dir='ltr'>Ant</span> <span class='ocrx_word' id='word_1_157' title='bbox 500 4312 621 4449; x_wconf 90' lang='lat' dir='ltr'>quia</span> <span class='ocrx_word' id='word_1_158' title='bbox 644 4350 764 4450; x_wconf 85' lang='lat' dir='ltr'>quae</span> <span class='ocrx_word' id='word_1_159' title='bbox 787 4314 1016 4432; x_wconf 80' lang='lat' dir='ltr'>veniunt,</span> <span class='ocrx_word' id='word_1_160' title='bbox 1041 4314 1213 4449; x_wconf 89' lang='lat' dir='ltr'>aliqua</span> <span class='ocrx_word' id='word_1_161' title='bbox 1237 4308 1438 4408; x_wconf 84' lang='lat' dir='ltr'>ratione</span> <span class='ocrx_word' id='word_1_162' title='bbox 1465 4312 1713 4416; x_wconf 61' lang='lat' dir='ltr'>sumunt</span> 
     </span>
    </p>
   </div>
   <div class='ocr_carea' id='block_1_5' title="bbox 371 4478 1842 4629">
    <p class='ocr_par' dir='ltr' id='par_1_9' title="bbox 371 4478 1842 4629">
     <span class='ocr_line' id='line_1_24' title="bbox 371 4478 1842 4629; baseline 0.008 -49"><span class='ocrx_word' id='word_1_163' title='bbox 371 4478 525 4583; x_wconf 87' lang='lat' dir='ltr'>Pulsa</span> <span class='ocrx_word' id='word_1_164' title='bbox 546 4488 705 4620; x_wconf 89' lang='lat' dir='ltr'>prius,</span> <span class='ocrx_word' id='word_1_165' title='bbox 733 4525 907 4625; x_wconf 89' lang='lat' dir='ltr'>quam,</span> <span class='ocrx_word' id='word_1_166' title='bbox 934 4487 1060 4625; x_wconf 91' lang='lat' dir='ltr'>quid</span> <span class='ocrx_word' id='word_1_167' title='bbox 1086 4504 1321 4600; x_wconf 85' lang='lat' dir='ltr'>noceant,</span> <span class='ocrx_word' id='word_1_168' title='bbox 1348 4486 1543 4585; x_wconf 57' lang='lat' dir='ltr'>sentire</span> <span class='ocrx_word' id='word_1_169' title='bbox 1566 4528 1842 4629; x_wconf 70' lang='lat' dir='ltr'>qwmust</span> 
     </span>
    </p>
   </div>
   <div class='ocr_carea' id='block_1_6' title="bbox 373 4654 1571 4799">
    <p class='ocr_par' dir='ltr' id='par_1_10' title="bbox 373 4654 1571 4799">
     <span class='ocr_line' id='line_1_25' title="bbox 373 4654 1571 4799; baseline 0.005 -40"><span class='ocrx_word' id='word_1_170' title='bbox 373 4654 575 4759; x_wconf 86' lang='lat' dir='ltr'>Scilicet</span> <span class='ocrx_word' id='word_1_171' title='bbox 596 4698 628 4759; x_wconf 85' lang='lat' dir='ltr'>a</span> <span class='ocrx_word' id='word_1_172' title='bbox 650 4699 769 4761; x_wconf 89' lang='lat' dir='ltr'>vera</span> <span class='ocrx_word' id='word_1_173' title='bbox 793 4663 945 4799; x_wconf 85' lang='lat' dir='ltr'>longe</span> <span class='ocrx_word' id='word_1_174' title='bbox 970 4662 1165 4761; x_wconf 86' lang='lat' dir='ltr'>ratione</span> <span class='ocrx_word' id='word_1_175' title='bbox 1190 4678 1448 4759; x_wconf 84' lang='lat' dir='ltr'>remotum</span> <span class='ocrx_word' id='word_1_176' title='bbox 1475 4690 1571 4765; x_wconf 71' lang='lat' dir='ltr'>est.</span> 
     </span>
    </p>
   </div>
   <div class='ocr_carea' id='block_1_7' title="bbox 373 4824 1873 4983">
    <p class='ocr_par' dir='ltr' id='par_1_11' title="bbox 373 4824 1873 4983">
     <span class='ocr_line' id='line_1_26' title="bbox 373 4824 1873 4983; baseline 0.025 -56"><span class='ocrx_word' id='word_1_177' title='bbox 373 4824 566 4931; x_wconf 85' lang='lat' dir='ltr'>Praeter</span> <span class='ocrx_word' id='word_1_178' title='bbox 587 4834 723 4937; x_wconf 88' lang='lat' dir='ltr'>enim</span> <span class='ocrx_word' id='word_1_179' title='bbox 749 4873 906 4977; x_wconf 87' lang='lat' dir='ltr'>quam</span> <span class='ocrx_word' id='word_1_180' title='bbox 932 4834 1073 4977; x_wconf 91' lang='lat' dir='ltr'>quod</span> <span class='ocrx_word' id='word_1_181' title='bbox 1097 4827 1292 4933; x_wconf 79' lang='lat' dir='ltr'>morbis</span> <span class='ocrx_word' id='word_1_182' title='bbox 1318 4854 1435 4937; x_wconf 79' lang='lat' dir='ltr'>turn</span> <span class='ocrx_word' id='word_1_183' title='bbox 1459 4846 1680 4981; x_wconf 65' lang='lat' dir='ltr'>aqui·</span> <span class='ocrx_word' id='word_1_184' title='bbox 1703 4842 1873 4983; x_wconf 57' lang='lat' dir='ltr'>&amp;gflb</span> 
     </span>
    </p>
   </div>
   <div class='ocr_carea' id='block_1_8' title="bbox 0 0 2244 5984">
    <p class='ocr_par' dir='ltr' id='par_1_12' title="bbox 0 0 2244 5984">
     <span class='ocr_line' id='line_1_27' title="bbox 0 0 2244 5984; baseline 0 0"><span class='ocrx_word' id='word_1_185' title='bbox 0 0 2244 5984; x_wconf 95' lang='lat' dir='ltr'> </span> 
     </span>
    </p>
   </div>
  </div>
 </body>
</html>
