4432 5984
375 274 476 369 110
700 275 759 362 Τ.
829 272 1264 366 LUCRETII
1330 270 1543 363 CARI

444 532 720 671 Principio,
748 536 991 673 quoniam
1017 557 1221 634 tenuem
1248 554 1476 632 constare
1503 528 1720 630 minutis

233 764 247 791 o
374 708 689 847 Corporibus
715 709 880 831 docui,
906 715 1171 849 multoque
1196 706 1477 809 minoribus
1501 743 1608 805 esse

371 882 643 1022 Principiis
668 883 849 985 factam
879 925 1035 1026 qnam
1059 886 1287 1025 liquidus
1313 881 1496 983 humor
1520 884 1679 1018 aquai
1707 898 1821 995 est,

368 1057 479 1159 Aut
502 1057 706 1179 nebula,
733 1082 824 1159 aut
847 1058 1048 1161 fumus:
1087 1100 1205 1161 nam
1229 1060 1381 1197 longo
1406 1054 1693 1155 mobilitate

368 1229 600 1352 Praestat,
627 1255 680 1331 et
704 1270 736 1331 a
758 1234 901 1332 tenui
927 1271 1077 1333 causa
1101 1235 1262 1371 magis
1281 1235 1381 1333 icta
1406 1251 1667 1352 movetur3

364 1402 578 1543 Quippe
605 1405 695 1507 ubi
721 1405 1029 1543 imaginibus
1055 1407 1181 1507 sumi
1207 1406 1514 1547 nebulaeque
1540 1428 1833 1509 movetur:

368 1575 524 1697 Quod
551 1617 715 1718 genus
740 1580 794 1678 in
820 1581 1007 1679 somnis
1033 1582 1184 1717 sopiti
1209 1579 1296 1681 ubi
1326 1582 1579 1681 cernimus
1603 1579 1713 1679 alta

366 1754 623 1855 Exhalare
647 1793 834 1893 vapore
861 1756 1053 1875 altaria,
1068 1754 1313 1896 'ferreque
1341 1755 1539 1855 fumum
1554 1795 1567 1877 ;

365 1928 505 2032 Nam
529 1932 706 2068 procul
735 1929 844 2031 haec
870 1929 1029 2029 dubio
1055 1929 1199 2031 nobis
1225 1933 1492 2031 simulacra
1518 1948 1837 2067 genuntur:

304 2084 313 2091 ⁸
366 2102 524 2205 Nunc
544 2105 705 2244 igitur
730 2107 972 2243 quoniam
999 2107 1245 2245 quassatis
1270 2103 1502 2242 undique
1526 2102 1656 2203 vasis

364 2276 614 2378 Dillluere
640 2276 922 2399 humorem,
949 2302 1001 2378 et
1018 2280 1218 2380 laticem
1245 2278 1502 2378 discedere
1529 2248 1727 2399 cernis]

363 2449 433 2552 Et
457 2451 647 2553 nebula
671 2490 727 2552 ac
752 2450 923 2554 fumus
949 2456 1190 2592 quoniam
1217 2452 1433 2553 discedit
1457 2454 1510 2552 in
1535 2488 1702 2571 auraS,

364 2623 530 2726 Crede
556 2628 775 2726 animam
801 2664 1009 2765 quoque
1035 2626 1270 2747 diffundi,
1299 2626 1565 2765 multoque
1589 2624 1768 2763 perire

363 2795 540 2918 Ocius,
568 2821 620 2896 et
644 2800 791 2897 citius
818 2799 1018 2902 dissolvi
1045 2840 1254 2941 corpora
1279 2803 1459 2939 prima,

360 2973 533 3096 Quom
560 2973 714 3073 semel
739 2972 974 3073 omuibus
1000 3014 1027 3073 e
1053 2975 1293 3075 membris
1318 2974 1485 3077 ablata
1508 2979 1730 3079 recessit.

362 3145 574 3283 Quippe
601 3147 787 3245 etenim
812 3184 1011 3283 corpus,
1039 3149 1175 3285 quod
1202 3186 1287 3249 vas
1314 3152 1458 3286 quasi
1485 3152 1710 3252 constitit
1735 3156 1883 3291 ejuS,

361 3319 534 3438 Quom
560 3316 795 3418 cohibere
822 3323 1001 3457 nequit
1025 3346 1413 3461 conquassatum
1441 3363 1505 3422 ex
1531 3326 1810 3463 aliquare,

359 3493 437 3592 Ac
456 3489 757 3589 rarefactum
778 3492 1003 3592 detracto
1028 3498 1272 3633 sanguine
1298 3498 1453 3617 veniS,

361 3664 497 3763 Aere
524 3670 615 3801 qui
640 3661 813 3761 credas
837 3701 986 3799 posse
1012 3664 1141 3767 hanc
1167 3666 1448 3769 cohiberier
1473 3671 1610 3772 ullol

363 3835 590 3973 Corpore
617 3836 706 3972 qui
732 3858 904 3935 nostro
932 3876 1072 3939 rarus
1096 3843 1256 3978 magis
1281 3882 1362 3942 am
1388 3840 1689 3945 cohibessitl

429 4007 699 4128 Praeterea,
726 4010 868 4144 gigni
893 4013 1083 4145 pariter
1106 4054 1222 4116 cum
1247 4053 1473 4151 corpore,
1501 4037 1553 4115 et
1576 4055 1680 4117 una

361 4178 601 4280 Crescere
628 4181 884 4300 sentimus
910 4184 1201 4322 pariterque
1228 4224 1482 4288 senescere
1508 4213 1766 4295 mentem:

361 4353 501 4455 Nam
528 4353 668 4451 velut
692 4352 890 4452 infirmo
915 4359 1060 4491 pueri
1087 4381 1363 4499 teneroque
1388 4386 1639 4500 vagantur

363 4522 608 4659 Corpore,
637 4523 706 4621 sic
733 4525 883 4625 animi
910 4532 1140 4665 sequitur
1164 4539 1410 4636 sententia
1434 4542 1618 4642 tenuis.

366 4695 489 4797 lude
515 4691 606 4792 ubi
633 4691 850 4795 robustis
876 4699 1093 4801 adolevit
1115 4703 1303 4806 viribus
1329 4733 1465 4832 aetas,

363 4866 643 4967 Consilium
671 4903 876 5004 quoque
901 4873 1076 5008 majus,
1104 4902 1155 4978 et
1179 4887 1370 4988 auctior
1392 4913 1469 4990 est
1493 4892 1648 4993 animi
1671 4895 1780 4999 vis:
