4432 5984
364 308 452 409 50,
692 304 765 391 οΤ.
832 299 1262 392 LUCRETII
1328 299 1540 396 CARI

369 564 685 704 Expediam:
724 584 781 660 tu
808 584 859 660 te
886 550 1032 658 dietis
1056 559 1285 697 praebere
1310 584 1578 662 memento.

442 737 580 839 Nam
607 757 741 834 certe
767 759 867 833 non
894 734 1026 832 inter
1051 770 1102 833 se
1128 736 1312 872 stipata
1335 734 1556 836 cohaeret
1693 786 1696 791 ·

371 911 629 1030 Materies
657 911 893 1047 quoniam
923 911 1081 1010 minui
1106 948 1211 1010 rem
1239 946 1496 1050 quamque
1518 907 1769 1028 videmus,

370 1084 442 1188 Et
465 1083 916 1224 quasi'longinquo
941 1085 1101 1184 fluere
1125 1085 1295 1185 omnia
1317 1084 1566 1184 cernimus
1592 1120 1715 1203 aevo,
1817 1156 1823 1164 -

370 1256 453 1360 Ex
478 1257 738 1394 oculisque
764 1277 1062 1356 vetustatem
1089 1254 1369 1357 subducere
1395 1258 1576 1357 nostris
1593 1297 1616 1356 ε·
1724 1308 1726 1313 ·
1775 1252 1779 1299 ⁷

372 1428 543 1550 Quom
572 1452 734 1529 tamen
756 1430 1021 1531 incolumis
1045 1430 1277 1530 videatur
1301 1467 1495 1531 summa
1520 1470 1738 1553 manere,
1810 1414 1817 1429 ⁹

370 1604 645 1744 Propterea
672 1607 808 1744 quia,
838 1641 954 1743 quae
979 1605 1234 1705 decedunt
1258 1641 1470 1742 corpora
1493 1643 1712 1744 cunque,

367 1778 521 1883 Unde
536 1779 742 1900 abeunt,
765 1781 1023 1904 minuunt3
1042 1816 1144 1918 quo
1159 1817 1356 1897 venere,
1379 1782 1616 1917 augmine
1636 1779 1862 1882 donant:

370 1950 467 2055 Illa
491 1991 761 2073 senescere,
790 1976 843 2054 at
865 1953 974 2056 haeo
1000 1976 1174 2054 eontra
1197 1954 1459 2053 florescere
1484 1974 1703 2092 cogunt:
1778 2009 1782 2015 ·

370 2126 484 2233 Neo
509 2152 827 2231 remorantur
852 2127 937 2230 ibi.
1013 2128 1097 2228 Sic
1121 2165 1291 2227 rerum
1317 2166 1512 2230 summa
1535 2154 1751 2232 novatur

314 2339 318 2347 ·
371 2301 597 2442 Semper,
624 2326 676 2403 et
699 2304 832 2402 inter
858 2341 908 2403 se
935 2302 1168 2403 mortales
1193 2326 1370 2402 mutua
1392 2303 1599 2427 vivunt;

368 2477 666 2617 Augesount
692 2476 803 2575 aliae
829 2499 1021 2613 gentes,
1049 2478 1160 2576 aliae
1186 2477 1512 2580 minuuntur:

371 2648 536 2790 Inque
560 2646 701 2748 brevi
726 2651 888 2786 spatio
913 2674 1176 2751 mutantur
1200 2651 1346 2751 saecla
1371 2653 1700 2778 animantum,
1808 2658 1811 2663 “

371 2824 454 2944 Et,
483 2823 626 2963 quasi
650 2796 891 2943 cursatea,
918 2827 1038 2928 vitai
1062 2827 1299 2966 lampada
1322 2827 1546 2930 tradunt.

440 2995 494 3097 Si
520 3033 710 3097 cessare
737 3017 884 3133 putas
910 3037 1077 3100 rerum
1100 3001 1374 3139 primordia
1397 3038 1559 3138 posse,

373 3172 731 3309 Cessandoque
758 3209 911 3271 novos
940 3211 1105 3272 rerum
1131 3173 1434 3311 progignere
1459 3195 1624 3274 motus
1639 3204 1667 3298 ;'

367 3351 526 3451 Avius
551 3384 582 3446 a
604 3384 722 3447 vera
747 3346 898 3484 longe
924 3349 1117 3446 ratione
1142 3346 1354 3483 vagaris.

370 3522 423 3627 N
428 3562 525 3644 am,
553 3523 793 3660 quoniam
812 3522 1068 3659 perinane
1083 3544 1348 3657 vagantur,
1364 3545 1545 3623 cuneta
1563 3562 1762 3627 necesse
1775 3549 1855 3628 est

367 3697 477 3798 Aut
501 3698 745 3834 gravitate
771 3733 862 3795 sua
886 3695 1005 3793 ferri
1030 3693 1307 3830 primordia
1329 3732 1517 3816 rerum,

366 3871 474 3970 Aut
500 3872 603 3971 ictu
629 3871 757 3970 forte
783 3869 1021 3969 alterius:
1057 3904 1172 3966 nam
1200 3869 1299 3967 cita
1324 3900 1542 4005 superne

369 4043 536 4143 Obvia
562 4080 717 4181 quom
744 4042 938 4161 flixere,
959 4041 1033 4159 fit,
1060 4063 1121 4141 ut
1145 4041 1340 4142 diversa
1357 4066 1565 4179 repente

368 4216 661 4317 Dissiliant:
701 4214 1028 4355 nequeenim
1056 4215 1256 4335 mirum,
1284 4215 1548 4317 durissima
1573 4248 1692 4356 quae
1717 4221 1832 4341 sint,

209 4373 212 4378 ’
367 4371 1064 4524 Ponderibus'solidismeque
1081 4388 1567 4530 quidquamatergo
1582 4390 1696 4493 ibus
1710 4392 1897 4504 obstet.

363 4549 365 4553 ’
436 4560 505 4663 Et
530 4601 632 4701 quo
649 4563 833 4700 jactari
858 4562 1019 4698 magis
1044 4564 1211 4664 omnia
1237 4565 1462 4664 materiai
1787 4568 1791 4579 ’

367 4734 594 4874 Corpora
618 4735 895 4874 pervideam,
922 4736 1239 4838 reminiscere
1264 4738 1419 4838 totius
1443 4739 1602 4840 imum

364 4909 458 5015 Nil
485 4951 590 5015 esse
616 4913 667 5013 in
688 4947 884 5013 summa
899 4950 922 5034 ;·
950 4946 1119 5048 neque
1145 4908 1331 5010 habere
1352 4909 1441 5011 ubi
1461 4949 1670 5050 corpora
1687 4917 1853 5054 prima
