4432 5984
738 342 1013 464 tlnuu
1076 369 1497 465 QUARTUS·
1762 368 1861 468 les

367 626 668 734 Protrahere
695 634 746 733 in
770 628 954 750 lucem,
975 652 1131 769 atque
1149 634 1342 733 omneis
1367 633 1637 772 anquirere
1663 634 1833 737 nisus:

368 800 437 902 Et
460 806 501 904 si
526 804 660 907 bello
686 809 853 906 animo
878 829 970 927 est,
998 828 1050 905 et
1074 844 1174 904 non
1201 805 1375 906 odiosa
1399 808 1633 927 vicissim,

365 975 729 1083 Praetermittet
751 1004 803 1081 te
829 979 1062 1081 humanis
1086 979 1362 1081 concedere
1382 979 1549 1081 rebus

438 1151 552 1256 Nec
577 1158 759 1258 mulier
782 1193 983 1292 semper
1007 1155 1125 1255 ficto
1151 1156 1369 1292 suspirat
1394 1194 1579 1275 amore,

368 1325 500 1447 Quae
526 1333 790 1468 complexa
814 1335 904 1433 viri
932 1368 1116 1467 eorpus
1140 1366 1257 1428 cum
1282 1366 1492 1467 corpore
1509 1329 1715 1467 jungit3

367 1499 437 1601 Et
459 1527 602 1625 tenet
625 1506 846 1606 adsuctis
872 1503 1169 1605 humectans
1193 1503 1364 1603 oscula
1389 1503 1576 1604 labris:

368 1675 505 1778 Nam
530 1679 651 1780 facit
675 1718 740 1779 ex
764 1681 931 1779 animo
957 1714 1109 1815 saepe,
1136 1700 1189 1775 et
1213 1679 1500 1779 communia
1526 1714 1761 1816 quaerens

368 1849 586 1972 Gaudia,
613 1854 848 1953 sollicitat
872 1853 1093 1988 spatium
1119 1850 1386 1950 decurrere
1412 1853 1611 1953 arnonis.

367 2025 416 2127 N
424 2066 481 2128 ee
505 2030 697 2128 ratione
722 2029 820 2127 alia
843 2026 1086 2145 volucres,
1114 2047 1358 2145 armenta,
1385 2024 1628 2164 feraeque,

366 2199 437 2300 Et
461 2202 698 2339 pecudes,
726 2223 779 2301 et
803 2236 951 2339 equae
976 2199 1200 2302 maribus
1226 2200 1487 2303 subsidere
1512 2224 1735 2340 possent,

366 2372 422 2474 Si
447 2415 566 2496 non,
594 2377 702 2513 ipsa
727 2374 866 2515 quod
893 2374 1096 2474 illorum
1121 2374 1287 2496 subet,
1314 2376 1458 2477 ardet
1483 2374 1750 2477 abundans

367 2545 586 2668 Natura,
612 2572 665 2648 et
688 2584 921 2649 venerem
947 2546 1216 2649 salientum
1241 2549 1360 2650 iaeta
1384 2571 1637 2650 retractat.

367 2721 557 2825 Nonne
580 2725 720 2825 vides
745 2726 913 2842 etiam,
941 2761 1071 2861 quos
1096 2745 1277 2824 mutua
1301 2762 1436 2862 saepe
1460 2725 1695 2863 voluptas

262 2972 268 2981 -
363 2896 563 3021 Vinxit,
584 2923 642 3000 ut
665 2903 718 3002 in
742 2900 919 3001 vinclis
944 2897 1297 2999 communibus
1321 2900 1710 3002 excrucientur?

366 3070 426 3172 ln
453 3075 612 3173 triviis
636 3112 741 3173 non
768 3111 903 3210 saepe
929 3111 1078 3173 canes
1102 3072 1360 3172 discedere
1384 3074 1623 3194 aventeis,

365 3243 570 3346 Divorsi
595 3247 781 3384 cupide
805 3247 1013 3346 summis
1038 3285 1102 3346 ex
1126 3247 1320 3348 viribus
1341 3248 1579 3366 tendunt,

365 3418 536 3540 Quom
563 3423 754 3521 interea
776 3421 956 3521 validis
980 3420 1196 3523 Veneris
1220 3420 1551 3560 compagibus
1575 3418 1803 3520 haerent?

364 3593 520 3714 Quod
546 3595 770 3697 facerent
787 3635 1085 3735 numquam,
1110 3597 1206 3696 nisi
1232 3618 1411 3696 mutua
1428 3594 1618 3733 gaudia
1634 3600 1855 3712 nossent,
1910 3598 1920 3617 '

364 3765 501 3886 Quae
525 3768 688 3868 lacere
713 3771 764 3868 in
790 3769 1021 3869 fraudem
1049 3792 1271 3908 possent,
1295 3771 1594 3906 vinctosque
1611 3790 1800 3867 tenere.

363 3937 540 4061 Quare
576 3943 728 4041 etiam
764 3965 921 4082 atque
956 3947 1111 4044 etiam
1148 3949 1237 4079 (ut
1278 3944 1419 4077 dico)
1456 3966 1534 4044 est
1575 3943 1857 4044 communis

570 4116 818 4252 voluptas.

434 4285 505 4387 Et
529 4289 900 4390 commiscendo
925 4329 1083 4430 quom
1108 4292 1318 4410 semine,
1344 4289 1476 4390 forte
1498 4291 1644 4392 virile

361 4460 591 4562 Foemina
612 4463 661 4562 vi
680 4465 865 4564 mulxit
889 4464 1076 4583 subita,
1100 4467 1150 4565 vi
1177 4466 1569 4602 conripuitque3

357 4634 496 4738 Tum
520 4636 707 4735 similes
732 4658 951 4737 matrum
977 4662 1207 4739 materno
1232 4639 1423 4738 semine
1448 4639 1581 4739 fiunt
1595 4679 1610 4763 3

364 4812 437 4918 Ut
461 4811 695 4951 patribus
719 4815 915 4949 patrio:
954 4816 1043 4917 sed
1071 4852 1202 4955 quos
1225 4814 1495 4952 utriusque
1520 4814 1701 4951 figurae

357 4986 487 5093 Esse
510 4987 652 5089 vides
666 4986 878 5125 juxtim,
904 4990 1193 5092 miscenteis
1216 4988 1355 5091 volta
1378 5010 1667 5126 parentum,
