4432 5984
723 398 1001 492 LIBER
1065 401 1546 499 SECUNDUS·
1789 406 1863 503 83

365 649 468 756 Per
490 653 706 758 Veneris
732 694 828 777 res,
856 683 1002 763 extra
1025 661 1269 787 homines,
1299 689 1541 787 armenta,
1567 665 1820 806 ferasque.
1851 676 1857 684 ’

436 828 592 953 Quod
619 833 658 933 si
684 832 813 933 forte
839 871 988 937 suum
1014 838 1278 940 dimittunt
1303 877 1512 977 corpore
1540 879 1761 964 sensum,

363 1004 536 1146 Atque
562 1009 717 1110 alium
743 1010 967 1145 capiunt,
991 1013 1117 1150 quid
1141 1052 1272 1151 opus
1297 1012 1396 1113 fuit
1421 1013 1646 1135 attribui,
1680 1019 1821 1155 quod

365 1179 699 1286 Detrahiturl
735 1182 870 1286 Tum
895 1208 1157 1323 praeterea,
1180 1187 1347 1325 (quod
1374 1187 1597 1328 fugimus
1623 1199 1786 1332 ante,)
1933 1286 1940 1293 .

365 1356 636 1481 Quatenus
660 1363 714 1462 in
738 1362 906 1499 pullos
931 1361 1186 1461 animaleis
1210 1362 1396 1462 vertier
1420 1402 1514 1464 ova
1556 1410 1559 1415 ·

257 1530 259 1535 ’
366 1531 632 1638 Cernimus
657 1538 888 1656 alituum,
913 1538 1230 1674 vermeisque
1257 1534 1516 1673 effervere,
1540 1559 1730 1640 terram

363 1690 750 1848 Intempestivos
777 1749 932 1850 quom
958 1735 1140 1849 putror
1164 1710 1391 1847 oepit'ob
1416 1712 1638 1835 imbreiS,

363 1880 502 1984 Scire
527 1883 647 1984 lieet
670 1883 814 2022 gigni
839 1921 987 2020 posse
1013 1922 1077 1983 ex
1102 1922 1202 1984 non
1231 1884 1462 1986 sensibus
1487 1925 1676 1992 sensus,

434 2054 589 2176 Quod
615 2061 657 2158 si
682 2057 811 2159 forte
838 2059 1022 2198 aliquis
1048 2059 1197 2178 dicet,
1226 2058 1476 2161 duntaxat
1500 2044 1621 2162 oriri

362 2228 514 2332 Posse
541 2270 605 2333 ex
629 2271 902 2334 non-sensu
924 2271 1113 2354 sensuS,
1136 2231 1475 2334 mutabilitate

359 2403 511 2527 Ante,
540 2408 715 2548 aliquo
737 2431 986 2549 tanquam
1009 2431 1176 2547 partu,
1205 2445 1356 2549 quam
1380 2409 1619 2545 proditur
1644 2434 1813 2513 extra:

360 2577 498 2683 Huic
525 2584 643 2684 satis
666 2583 796 2684 illud
821 2587 919 2685 erit
941 2587 1154 2723 planum
1180 2584 1366 2707 faeere,
1388 2608 1543 2726 atque
1567 2587 1804 2726 probare,

362 2755 485 2859 Non
510 2760 620 2861 lieri
638 2784 861 2900 partum,
888 2762 983 2862 nisi
1010 2763 1221 2863 concilio
1246 2784 1362 2862 ante
1390 2784 1596 2888 eoacto;

361 2930 475 3034 Neo
501 2937 799 3037 commutari
826 2936 1109 3075 quidquam
1135 2937 1240 3037 sine
1267 2936 1536 3037 conciliatu

279 3224 281 3229 ,
358 3104 660 3224 Primorum,
686 3133 744 3211 ut
770 3112 1034 3250 nequeunt
1058 3111 1209 3211 ullius
1234 3112 1455 3248 corporis
1481 3148 1588 3212 esse

361 3281 554 3385 Sensus
574 3308 690 3386 ante
716 3289 877 3426 ipsam
903 3287 1128 3424 genitam
1151 3307 1383 3386 naturam
1410 3288 1696 3388 animantis,
1790 3378 1793 3383 ,

362 3456 624 3561 Nimirum
651 3463 773 3600 quia
794 3462 1025 3562 materies·
1049 3459 1257 3599 disjecta
1280 3480 1483 3560 tenetur

355 3634 506 3755 Aere,
534 3633 848 3757 fluminibus,
875 3635 1038 3756 terris,
1064 3637 1368 3772 flammaque
1394 3635 1604 3735 creatis:

358 3806 413 3909 N
416 3847 472 3910 eo
498 3785 764 3948 congressa
788 3811 941 3911 modo
963 3808 1158 3910 vitaleis
1181 3809 1500 3909 convenienti

360 3980 594 4084 Contulit
619 3985 827 4086 interae
852 4006 1035 4104 motus,
1064 3982 1250 4122 quibus
1275 3984 1617 4083 omnituentes

356 4159 571 4259 Accensi
598 4196 771 4259 sensus
796 4161 1099 4259 animantem
1129 4196 1386 4298 quamque
1410 4180 1635 4261 tuentur.

428 4331 682 4434 Praeterea
707 4335 938 4472 quamvis
961 4335 1273 4435 animantem·
1293 4331 1537 4470 grandior
1557 4333 1708 4452 ictus,

358 4503 529 4628 Quam
546 4508 740 4645 patitur
764 4532 959 4631 natura,
985 4529 1193 4644 repente
1219 4506 1433 4646 adfligit,
1455 4529 1507 4607 et
1530 4509 1730 4607 omneis.

359 4678 615 4818 Corporis,
643 4704 800 4821 atque
817 4685 970 4784 animi
995 4683 1166 4823 pergit
1190 4681 1500 4783 confundere
1525 4719 1718 4784 sensus.
1792 4679 1795 4683 “

356 4852 719 4959 Dissolvuntur
743 4859 881 4960 enim
901 4860 1143 4997 positurae
1167 4856 1556 4995 principiorum,

357 5025 427 5130 Et
450 5033 655 5170 penitus
679 5056 847 5139 motus
870 5034 1048 5138 vitales
1070 5030 1443 5171 impediuntur,

1062 5212 1120 5262 n
