4432 5984
367 359 399 453 s
692 360 753 450 r.
819 326 1239 448 Lucanum
1304 356 1515 449 carm

370 618 576 725 Detulit
599 657 665 719 ex
691 613 938 737 Helicone
963 617 1177 754 perenni
1200 614 1385 717 fronde
1411 652 1666 736 coronam,

241 777 244 781 ¹
369 792 470 895 Per
494 791 691 939 genteis
715 785 870 891 Italas
894 787 1156 890 hominum
1182 827 1300 928 quae
1325 787 1461 890 clara
1484 789 1690 892 clueret.
1854 882 1856 887 ,

371 967 483 1071 Etsi
507 960 757 1106 praeterea
779 985 950 1064 tamen
976 999 1082 1062 esse
1106 959 1386 1062 Acherusia
1409 963 1602 1099 templa
1745 1054 1748 1059 ,

279 1269 284 1279 ἱ
370 1140 569 1244 Ennius
594 1137 1033 1273 aeternis-exponit
1048 1133 1291 1254 versibus,
1319 1135 1489 1255 edens,

372 1314 492 1438 Quo
516 1353 683 1454 neque
708 1333 1009 1451 permanent
1033 1309 1214 1410 animae
1232 1348 1401 1449 neque
1419 1309 1639 1450 ‘corpora
1655 1334 1845 1434 nostra,

374 1487 478 1591 Sed
504 1488 741 1628 quaedam
766 1483 1032 1587 simulacra
1054 1482 1217 1582 modis
1236 1483 1479 1619 pallentia
1502 1487 1671 1613 miris;

372 1661 529 1766 Unde
554 1659 650 1762 sibi
674 1681 899 1761 exortam
928 1655 1372 1792 semper-florentis
1399 1655 1614 1760 Homeri

373 1834 752 1940 Commemorat
777 1831 1013 1970 speciem,
1039 1827 1286 1928 lacrumas
1301 1828 1563 1974 effirndere
1589 1834 1740 1938 salsas

377 2008 620 2148 Coepisse,
645 2030 698 2109 et
721 2043 890 2108 rerum
916 2026 1149 2104 naturam
1174 2005 1465 2140 expandere
1490 2009 1654 2112 dictis.
1763 2018 1766 2023 ’

444 2179 773 2320 Quapropter
796 2177 944 2299 bene,
970 2216 1102 2298 cum,
1129 2164 1325 2315 superis
1348 2179 1414 2281 de
1439 2180 1591 2283 rebus
1616 2182 1853 2287 habenda

376 2353 544 2457 Nobis
567 2376 646 2454 est
669 2353 813 2469 ratio,
840 2351 957 2451 solis
984 2350 1222 2490 lunaeque
1248 2375 1444 2456 meatus

376 2526 495 2649 Qua
519 2528 646 2628 fiant
669 2527 880 2643 ratione,
907 2546 960 2624 et
984 2561 1088 2662 qua
1110 2526 1159 2626 vi
1185 2562 1406 2663 quaeque
1430 2554 1685 2667 genantur

377 2701 439 2804 In
465 2704 612 2802 terris
633 2742 646 2824 ;
683 2721 810 2818 tum,
838 2698 1165 2835 cumprimis,
1190 2699 1385 2799 ratione
1411 2704 1577 2839 sagaci

374 2873 530 2978 Unde
556 2874 723 2973 anima
747 2893 901 3010 atque
927 2873 1080 2970 animi
1106 2893 1306 2973 constet
1329 2890 1526 2996 natura,
1545 2875 1845 2999 videndum3

376 3045 447 3149 Et
472 3087 588 3186 quae
617 3084 693 3147 res
718 3044 864 3146 nobis
887 3044 1216 3184 vigilantibus
1240 3044 1389 3148 obvia
1413 3051 1624 3151 menteis

373 3220 653 3341 Terrificet‚
682 3218 857 3320 morbo
882 3220 1107 3341 adfectis,
1138 3258 1416 3361 somnoque
1442 3226 1667 3361 sepultis,

378 3396 599 3500 Cernere
625 3398 700 3496 uti
725 3395 986 3496 videamur
1010 3432 1110 3514 eos,
1139 3395 1417 3535 audireque
1443 3437 1626 3521 coram,

379 3567 548 3669 Morte
574 3566 713 3668 obita
738 3605 956 3706 quorum
981 3569 1132 3668 tellus
1158 3570 1482 3707 amplectitur
1506 3611 1633 3677 ossa.

449 3740 563 3844 Nec
589 3781 669 3843 me
695 3742 850 3842 animi
875 3740 1020 3861 fallit,
1045 3739 1316 3846 Graiorum
1340 3743 1554 3847 obscura
1571 3773 1774 3886 reperta

378 3916 601 4020 Difficile
626 3918 893 4018 inlustrare
920 3914 1122 4019 Latinis
1137 3917 1364 4043 versibus
1389 3958 1511 4042 esse,

378 4090 578 4228 (Multa
602 4092 742 4192 novis
760 4088 926 4191 verbis
950 4094 1229 4228 praescrtim
1257 4130 1412 4233 quom
1439 4096 1505 4195 sit
1526 4097 1809 4236 agendum)

379 4264 598 4403 Propter
621 4284 893 4402 egestatem
920 4263 1128 4400 linguae,
1156 4288 1208 4365 et
1232 4305 1400 4369 rerum
1426 4272 1731 4378 novitatem:
1893 4364 1903 4377 .

380 4438 481 4540 Sed
507 4461 597 4538 tua
622 4475 701 4539 rne
725 4438 885 4537 virtus
908 4459 1096 4559 tamen,
1122 4462 1174 4540 et
1199 4464 1398 4577 sperata
1413 4445 1647 4584 voluptas

379 4610 557 4713 Suavis
582 4609 832 4757 amicitiae,
860 4611 1088 4749 quemvis
1112 4611 1290 4714 efferre
1316 4615 1540 4722 laborem

379 4784 586 4904 Suadet,
614 4805 666 4882 et
690 4783 888 4885 inducit
913 4785 1106 4886 nocteis
1130 4790 1339 4926 vigilare
1367 4831 1581 4914 serenas,

380 4956 706 5079 Quaerentem
732 4956 881 5060 dictis
906 4959 1112 5100 quibus,
1139 4986 1192 5064 et
1216 5003 1320 5104 quo
1346 4970 1565 5072 carmine
1592 4972 1795 5079 demum
