4432 5984
644 479 648 486 ,
710 362 986 465 LIBER
1045 371 1514 469 SECUNDUS.
1790 376 1858 486 87

365 626 600 733 Difficilis
626 615 787 774 magis
812 636 877 736 ad
903 634 1213 738 credendum
1238 654 1464 758 constet3
1502 634 1728 775 itemque

364 803 457 906 Nil
484 808 611 909 adeo
635 848 895 950 magnum,
922 832 1145 913 nectam
1168 806 1397 909 mirabile
1423 807 1708 947 quidquam
1786 879 1789 885 ·
1855 854 1858 859 ’

361 976 635 1120 Principio,
675 984 815 1122 quod
840 975 944 1086 non
967 985 1200 1086 minuant
1223 985 1451 1084 mirarier
1473 1021 1646 1085 omnes

361 1140 630 1256 Paullatim
654 1198 667 1281 3
705 1179 763 1259 ut
787 1159 900 1259 coeli
924 1158 1114 1259 clarum
1139 1197 1440 1297 purumque
1461 1157 1695 1280 colorem,

364 1326 638 1469 Quemque
664 1332 716 1433 in
744 1369 796 1432 se
821 1331 1061 1434 cohibent
1084 1334 1309 1471 palantia
1335 1332 1498 1432 sidera
1521 1335 1724 1469 passim,

362 1501 628 1644 Lunaeque
648 1528 699 1606 et
722 1507 839 1608 solis
865 1508 1110 1644 praeclara
1133 1506 1246 1609 luce
1271 1507 1486 1606 nitorem
1510 1545 1520 1604 :

362 1674 552 1781 Omnia
578 1719 695 1819 quae
723 1681 763 1781 si
789 1720 925 1783 nunc
949 1681 1171 1819 primum
1198 1680 1496 1782 mortalibus
1522 1679 1706 1802 adsint,

360 1849 443 1954 Ex
469 1854 739 1992 improviso
764 1893 857 1957 ceu
884 1856 984 1955 sint
1008 1837 1206 1992 objecta
1230 1879 1454 1993 repente,

362 2023 503 2146 Quid
530 2031 689 2167 magis
714 2027 793 2129 his
818 2026 969 2129 rebus
993 2052 1193 2168 poterat
1212 2031 1440 2133 mirabile
1467 2032 1582 2153 dici,

359 2199 468 2303 Aut
494 2204 659 2303 minus
684 2225 800 2303 ante
828 2202 966 2341 quod
986 2205 1234 2307 auderent
1256 2205 1364 2308 fore
1389 2207 1593 2308 credere
1619 2212 1827 2346 gentes!

360 2371 471 2496 Nil,
500 2398 556 2476 ut
580 2377 788 2514 opinor3
826 2376 897 2476 ita
921 2374 1030 2479 haec
1056 2381 1246 2518 species
1271 2382 1500 2482 miranda
1524 2381 1701 2489 fuisset
1715 2423 1729 2509 ;

336 2552 340 2561 ’
360 2546 533 2671 Quom
558 2550 651 2650 tibi
669 2549 778 2688 jam
803 2588 951 2651 nemo
975 2550 1135 2657 fessus
1160 2557 1335 2657 satiate
1359 2556 1567 2660 videndi

360 2722 627 2862 Suspicere
653 2726 705 2826 in
732 2726 846 2826 coeli
872 2725 1114 2866 dignatur
1137 2731 1307 2833 lucida
1330 2732 1554 2871 templa:
1712 2768 1715 2776 ·

359 2897 551 3003 Desine
577 2925 902 3042 quapropter¹
917 2906 1139 3007 novitate
1166 2884 1440 3009 exterritus
1463 2907 1575 3045 ipsa

359 3071 624 3214 Exspuere
650 3115 715 3178 ex
739 3079 907 3179 animo
931 3080 1207 3204 rationem3
1246 3080 1334 3181 sed
1359 3081 1520 3218 magis
1544 3080 1647 3181 acri

356 3246 390 3351 J
394 3249 563 3354 udicio
584 3253 865 3392 perpende,
892 3277 959 3377 et,
987 3256 1028 3355 si
1052 3254 1148 3356 tibi
1170 3293 1290 3356 vera
1307 3255 1524 3374 videtur,

360 3422 509 3527 Dede
537 3465 733 3550 manus,
760 3450 865 3549 aut,
892 3430 933 3529 si
958 3428 1083 3531 falsa
1107 3452 1199 3552 est,
1227 3429 1486 3567 accingere
1505 3450 1694 3529 contra.

430 3600 632 3725 Quaerit
657 3606 790 3707 enim
817 3604 1011 3711 ratione
1036 3605 1251 3725 animus,
1272 3639 1427 3743 quom
1454 3638 1649 3703 summa
1666 3599 1764 3701 loci
1788 3600 1854 3705 sit

359 3776 567 3880 Infinita
592 3777 729 3901 foris,
756 3776 866 3878 haec
892 3798 1037 3877 extra
1060 3778 1246 3878 moenia
1268 3775 1464 3895 mundi,

363 3951 506 4075 Quid
533 3954 598 4052 sit
622 3951 694 4053 ibi
720 3990 888 4090 porro,
916 3989 1021 4091 quo
1044 3951 1332 4089 prospicere
1356 3986 1520 4088 usque
1544 3948 1668 4051 velit
1691 3985 1850 4070 mens,

360 4128 534 4266 Atque
560 4128 714 4228 animi
732 4126 899 4264 jactus
924 4124 1056 4225 liber
1074 4163 1178 4264 quo
1196 4124 1425 4264 pervolet
1447 4125 1573 4261 ipse.

430 4299 706 4440 Principio,
744 4272 890 4401 nobis
914 4301 968 4401 in
995 4322 1201 4402 cunctas
1227 4299 1458 4439 undique
1482 4300 1687 4436 parteis,

360 4474 431 4576 Et
452 4476 609 4577 latere
635 4514 700 4576 ex
726 4497 959 4614 utroque,
987 4473 1133 4595 iufra,
1162 4510 1464 4613 superaque,
1496 4509 1592 4610 per
1614 4512 1763 4577 omne

360 4647 523 4752 Nulla
545 4672 623 4751 est
646 4649 778 4771 finis,
807 4650 885 4750 uti
910 4648 1076 4770 docui,
1103 4687 1184 4751 res
1207 4650 1422 4787 ipsaque
1447 4683 1619 4784 perse
1652 4656 1656 4667 '

358 4820 696 4944 Vociferatur,
735 4844 789 4923 ct
812 4822 978 4924 elucet
1002 4845 1185 4925 natura
1207 4820 1467 4961 profundi.

361 4994 525 5099 Nullo
542 4995 651 5136 jam
676 5017 825 5136 pacto
848 4996 1118 5099 verisimile
1143 5033 1250 5098 esse
1275 4996 1564 5134 putandum
1588 5019 1679 5119 est,
1703 5051 1706 5060 ·
