4432 5984
656 324 668 339 ”
741 368 1017 459 ursan
1080 363 1476 458 ruamus
1738 364 1850 475 ³131

362 623 484 727 Non
510 629 690 727 merito
716 628 954 728 inclamet
978 625 1156 763 magis,
1184 648 1236 725 et
1258 642 1378 726 voce
1404 625 1632 761 increpet
1649 626 1783 726 acri?

357 799 520 900 Aufer
544 800 607 901 ab
633 800 751 903 hinc
776 801 1040 940 lacrymas,
1070 798 1332 919 Barathre,
1371 824 1424 901 et
1444 839 1704 937 compesce
1731 841 1854 941 que·

335 991 344 1015 ’·
497 976 652 1077 relas.
1296 968 1306 979 .
1819 968 1823 975 ’

266 1258 279 1283 .
362 1144 618 1248 Grandior
641 1147 723 1249 hic
748 1186 866 1249 vero
891 1150 931 1248 si
949 1147 1075 1284 jam,
1103 1146 1371 1285 seniorque
1399 1168 1673 1285 queratur3

361 1320 550 1422 Omnia
575 1323 862 1461 perfructus
886 1324 1008 1424 vitai
1034 1324 1258 1460 praemia,
1286 1325 1507 1423 marces!

359 1493 461 1595 Sed
487 1499 610 1636 quia
634 1535 833 1635 semper
857 1534 971 1598 aves
996 1494 1135 1632 quod
1161 1493 1318 1615 abest,
1356 1497 1629 1632 praesentia
1652 1496 1850 1614 temnis,

236 1657 242 1666 ’
358 1668 662 1808 Imperfecta
686 1672 780 1772 tibi
806 1672 977 1809 elapsa
1000 1691 1076 1769 cst
1098 1668 1401 1807 ingrataque
1426 1670 1544 1789 vita,

360 1842 430 1944 Et
454 1846 792 1982 nec-opinanti
819 1881 953 1943 mors
978 1841 1053 1991 ad¹
1069 1863 1222 1977 eaput
1247 1840 1442 1939 adstitit
1466 1864 1582 1942 ante

360 2015 529 2137 Quam
554 2041 772 2119 saturae
797 2019 979 2155 plenus
1004 2014 1162 2152 possis
1189 2012 1448 2143 discedere
1478 2053 1665 2116 rerum.

361 2188 519 2293 Nunc
545 2191 707 2291 aliena
731 2213 822 2291 tua
846 2214 1013 2291 tamen
1039 2210 1187 2323 aetate
1212 2187 1382 2288 omnia
1406 2189 1566 2308 mitte,

358 2366 534 2505 AEquo
570 2367 858 2503 animoque,
904 2361 1140 2501 agedum,
1175 2359 1284 2497 jam
1326 2361 1436 2461 aliis
1478 2362 1728 2466 concede:
1767 2401 1852 2463 ne·

498 2576 631 2640 cesse
657 2559 749 2638 est.
1814 2654 1819 2665 ι

357 2710 391 2815 J
395 2751 484 2813 ure
511 2717 596 2847 (ut
619 2711 824 2849 opinor)
851 2732 985 2848 agat,
1004 2709 1121 2848 jure
1146 2708 1390 2845 increpet,
1416 2707 1727 2849 inciletque;
1816 2828 1819 2833 ²

363 2886 514 2989 Cedit
536 2886 670 2987 enim
696 2922 866 2986 rerum
890 2885 1111 2985 novitate
1137 2905 1345 2984 extrusa
1366 2905 1605 3005 vetustas,
1740 2892 1751 2907 ’

362 3061 573 3199 Semper
598 3082 650 3159 et
674 3098 736 3158 ex
763 3058 872 3159 aliis
897 3057 1036 3158 aliud
1062 3094 1295 3196 reparare
1321 3096 1521 3160 necesse
1547 3081 1652 3160 est:
1806 3132 1822 3157 .

362 3234 475 3338 Nec
491 3235 773 3375 quidquam
794 3233 846 3333 in
866 3230 1177 3344 barathrum,
1198 3218 1291 3330 nec
1310 3253 1498 3331 tartara
1517 3231 1706 3334 decidit
1725 3257 1849 3336 atra.

362 3406 603 3510 Materies
628 3445 758 3546 opus
783 3428 873 3526 est,
900 3430 959 3506 ut
982 3429 1205 3508 crescant
1231 3429 1431 3544 postera
1457 3408 1604 3508 saecla
1618 3448 1633 3533 ;

364 3581 496 3703 Quae
520 3605 690 3683 tamen
715 3580 884 3680 omnia
907 3602 957 3679 te
981 3580 1086 3681 vita
1108 3580 1377 3717 perfuncta
1403 3604 1711 3719 sequentur:

364 3755 478 3859 Nec
520 3757 687 3858 minus
730 3790 851 3891 ergo
889 3775 1006 3853 ante
1048 3750 1176 3876 haec,
1221 3792 1375 3892 quam
1416 3793 1570 3875 nunc,
1609 3757 1850 3878 cecidere,

499 3929 803 4067 cadentque.
1159 3918 1164 3927 ¹

364 4105 447 4225 Sic
464 4104 575 4215 ¹alid
601 4142 666 4203 ex
690 4103 789 4202 alio
813 4140 1077 4240 nunquam
1104 4099 1309 4202 desistet
1333 4104 1469 4225 oriri,
1489 4102 1493 4109 ’

361 4281 586 4422 Vitaque
610 4276 880 4417 mancupio
906 4276 1036 4377 nulli
1061 4276 1226 4395 datur,
1254 4275 1488 4377 omnibus
1512 4317 1624 4381 usu.

434 4452 649 4590 Respice
674 4450 795 4550 item
822 4487 976 4587 quam
1003 4449 1074 4571 nil
1100 4447 1163 4548 ad
1190 4486 1280 4549 nos
1306 4471 1536 4553 anteacta
1558 4479 1781 4560 vetustas

360 4624 632 4764 Temporis¹
651 4623 826 4725 aeterni
851 4622 1020 4743 fuerit,
1048 4659 1202 4761 quam
1228 4624 1479 4724 nascimur
1502 4651 1650 4752 ante..

365 4803 480 4904 Hoc
505 4801 662 4938 igitur
686 4796 948 4936 speculum
976 4793 1125 4897 nobis
1151 4819 1334 4897 natura
1357 4796 1517 4899 futuri

361 4975 410 5081 Τ
410 4973 628 5113 emporis
652 4969 863 5109 exponit
878 4992 1004 5108 post
1027 4994 1241 5074 mortem
1269 4971 1493 5111 denique
1518 4999 1773 5108 nostram:
1820 4992 1826 5003 '

1060 5152 1104 5202 Η
