4432 5984
369 422 471 514 208
711 424 770 513 T.
824 421 1248 514 LUCRETII
1299 416 1510 509 CARI

277 766 282 773 .
370 678 1869 823 Praecipere,haudquaquamestpedetentirnprogredientis.

438 855 699 996 Terraque
726 880 782 957 ut
810 858 858 955 in
886 857 1052 957 media
1077 855 1255 955 mundi
1281 858 1487 987 regione
1514 858 1755 996 quiescat,

372 1032 682 1135 Evanescere
708 1031 987 1170 paullatim,
1014 1051 1066 1128 et
1092 1029 1377 1133 decrescere
1403 1031 1603 1171 pondus

372 1201 650 1305 Convenit:
691 1229 845 1343 atque
870 1204 1019 1302 aliam
1046 1225 1277 1304 naturam
1299 1206 1474 1306 subter
1499 1201 1685 1303 habere

370 1377 450 1477 Ex
478 1381 686 1480 ineunte
713 1419 819 1479 aevo
845 1378 1182 1514 conjunctam,
1210 1400 1363 1516 atque
1389 1382 1557 1480 uniter
1582 1399 1750 1514 aptam

369 1548 607 1653 Partibus
633 1556 778 1654 aeriis
803 1554 997 1672 muudi,
1025 1551 1213 1690 quibus
1238 1555 1387 1653 insita
1410 1553 1547 1656 sidit.

369 1724 646 1863 Propterea
672 1767 771 1827 uon
799 1751 874 1827 est
898 1728 1055 1844 oneri,
1084 1762 1249 1862 neque
1277 1726 1517 1864 deprimit
1541 1763 1716 1848 auras;

368 1899 442 2001 Ut
462 1940 552 2001 sua
568 1904 793 2041 quoique
821 1902 1009 2001 homini
1038 1901 1178 2000 nullo
1205 1925 1324 2001 sunt
1350 1901 1571 2040 pondere
1598 1896 1853 1999 membra:
1903 1988 1907 1995 .

368 2071 415 2173 N
424 2113 480 2173 ec
507 2098 660 2213 caput
684 2098 760 2175 est
785 2076 923 2174 oneri
949 2074 1093 2193 colle,
1121 2115 1212 2177 nec
1240 2077 1460 2217 denique
1485 2100 1644 2176 totum

369 2245 607 2386 Corporis
634 2251 683 2348 in
713 2248 930 2387 pedibus
955 2249 1154 2385 pondus
1181 2254 1423 2351 sentimus
1450 2253 1626 2353 inesse.

304 2484 309 2493 ·
364 2424 435 2520 At
462 2460 785 2560 quaecunque
810 2422 931 2521 foris
955 2424 1181 2543 veniunt,
1208 2425 1526 2562 impostaque
1554 2422 1703 2522 nobis·

366 2593 601 2695 Pondera
626 2617 758 2714 sunt,
788 2594 985 2695 laedunt
1010 2598 1262 2731 permulto
1288 2636 1422 2735 saepe
1447 2599 1668 2696 minora:

366 2768 671 2908 Usqueadeo
697 2771 868 2906 magni
894 2769 1063 2888 refert,
1091 2772 1211 2907 quoi
1237 2810 1354 2907 quae
1380 2771 1606 2908 adjaceat
1630 2807 1724 2871 res·

366 2945 448 3043 Sic
476 2946 632 3081 igitur
657 2944 807 3043 tellus
834 2982 935 3043 non
961 2965 1035 3043 est
1061 2943 1225 3043 aliena
1249 2968 1455 3081 repente

363 3117 566 3236 Adlata,
594 3140 748 3256 atque
774 3118 908 3216 auris
934 3117 1138 3217 aliunde
1165 3116 1362 3255 objecta
1386 3119 1590 3217 alienis:

366 3292 465 3390 Sed
496 3295 683 3428 pariter
708 3293 873 3431 prima
898 3315 1140 3429 concepta
1165 3292 1229 3392 ab
1255 3296 1449 3432 origine
1475 3294 1684 3418 mundi;

263 3558 267 3565 .
352 3465 620 3603 Certaque
646 3505 763 3606 pars
790 3467 914 3603 ejus,
942 3468 1086 3603 quasi
1113 3466 1257 3566 nobis
1283 3467 1524 3588 membra,
1550 3470 1764 3574 videtur.

434 3639 687 3741 Praeterea
712 3643 890 3779 grandi
919 3644 1107 3741 tonitru
1137 3682 1375 3743 concussa
1401 3668 1608 3780 repente

362 3812 536 3936 Terra,
565 3855 717 3953 supra
742 3855 793 3915 se
820 3854 936 3951 quae
961 3839 1095 3935 sunt,
1124 3819 1347 3917 concutit
1371 3818 1540 3919 omnia
1565 3842 1737 3921 motu:

366 3989 516 4109 Quod
546 3991 708 4089 facere
734 3987 871 4087 haud
898 3988 1003 4087 ulla
1027 4014 1195 4125 posset
1220 3993 1429 4106 ratione,
1457 3992 1550 4092 nisi
1578 4018 1708 4093 esset

364 4164 602 4264 Partibus
627 4166 774 4263 aeriis
799 4162 993 4281 mundi,
1021 4164 1248 4302 coeloque
1273 4165 1524 4266 revincta:

364 4337 499 4438 Nam
528 4336 878 4437 communibus
904 4337 1035 4435 inter
1060 4376 1112 4436 se
1137 4336 1391 4437 radicibus
1416 4337 1613 4439 haerent

290 4640 297 4647 δ
363 4509 441 4609 Ex
471 4513 675 4609 ineunte
702 4549 807 4609 aevo
834 4510 1117 4646 conjuncta,
1144 4535 1300 4649 atque
1326 4513 1497 4613 uniter
1521 4537 1655 4651 apta.

363 4684 550 4784 Nonne
577 4684 714 4782 rides
741 4683 907 4801 etiam,
936 4721 1088 4821 quam
1117 4721 1301 4821 magno
1328 4686 1551 4821 pondere
1576 4688 1722 4791 nobis

363 4860 618 4957 Sustineat
642 4896 824 4994 corpus
849 4860 1141 4957 tenuissima
1167 4861 1237 4957 vis
1263 4862 1463 4979 animai,
1585 4986 1590 4994 Ι

362 5030 637 5167 Propterea
656 5032 775 5168 quia
796 5055 898 5131 tam
920 5032 1205 5170 conjuncta,
1226 5057 1381 5171 atque
1402 5037 1570 5135 uniter
1590 5062 1707 5176 apta
1726 5046 1832 5143 estl
