4432 5984
368 372 466 469 152
686 382 745 471 Τ.
814 380 1249 473 LUCRETII
1315 380 1529 474 CARI

362 633 639 774 Propterea
663 638 807 741 facile
832 664 884 740 et
909 640 1154 779 spoliatur
1178 638 1368 740 lumine
1392 658 1543 764 terra,

366 807 433 909 Et
457 813 683 948 repletur
707 815 844 933 item,
871 815 1142 951 nigrasque
1168 811 1260 911 sibi
1289 815 1452 915 abluit
1469 813 1694 916 umbras.

363 982 479 1086 Nec
503 1008 671 1085 tamen
701 985 781 1086 hic
807 988 979 1087 oculos
1003 985 1110 1085 falli
1137 989 1459 1088 concedimus
1486 986 1682 1089 hilum:

363 1156 518 1278 Nam,
547 1199 853 1298 quocunque
878 1161 988 1259 loco
1014 1162 1078 1259 sit
1102 1163 1210 1279 lux,
1237 1185 1391 1299 atque
1416 1159 1613 1282 umbra,
1639 1161 1793 1263 tueri
1857 1182 1872 1199 “

363 1332 573 1433 Illorum
600 1357 706 1435 est:
745 1333 922 1434 eadem
946 1374 1063 1434 vero
1089 1336 1188 1435 sint
1211 1336 1420 1453 lumina,
1446 1372 1622 1456 necne,

367 1504 679 1647 Umbroque,
707 1548 824 1648 quae
849 1508 949 1608 fuit
972 1505 1070 1627 hio,
1098 1507 1272 1608 eadem
1300 1548 1420 1608 num
1448 1530 1669 1611 transeat
1697 1510 1862 1632 illuc,

360 1682 442 1781 An
472 1685 641 1820 potius
665 1684 770 1802 frat,
797 1684 971 1819 paullo
998 1682 1135 1819 quod
1165 1683 1386 1784 diximus
1411 1706 1557 1807 ante;

365 1856 476 1957 Hoc
504 1859 657 1956 animi
683 1857 888 1957 demum
914 1859 1040 1955 ratio
1067 1856 1350 1957 discernere
1377 1856 1529 1958 debet
1544 1898 1558 1981 ;

362 2029 476 2131 ,Neo
502 2054 715 2168 possunt
739 2031 871 2132 oculi
896 2053 1129 2130 naturam
1156 2072 1360 2133 noscere
1384 2072 1570 2137 rorum.

270 2318 277 2326 .
362 2202 583 2304 Proinde
609 2206 762 2303 animi
787 2204 963 2302 vitium
991 2201 1085 2302 hoc
1112 2208 1269 2307 oculis
1295 2209 1553 2347 adfingere
1579 2210 1703 2313 noli.

433 2378 554 2500 Qua
576 2379 810 2482 vehimur
836 2382 966 2498 navi,
993 2380 1169 2499 fertur,
1198 2419 1313 2480 cum
1340 2405 1470 2481 stare
1495 2384 1735 2509 videtur;
1887 2388 1894 2451 ἶ

364 2552 498 2674 Quae
525 2577 695 2653 manet
720 2556 772 2652 in
799 2555 1027 2672 statione,
1055 2592 1116 2653 ea
1139 2580 1326 2693 praeter
1350 2557 1484 2657 credi
1494 2580 1574 2656 tur
1596 2557 1702 2659 ire:

360 2724 430 2826 Et
453 2726 629 2864 fugere
654 2726 718 2826 ad
746 2726 961 2863 puppim
988 2725 1156 2848 colles,
1184 2732 1452 2867 campique
1477 2730 1741 2854 videntur,

361 2903 504 3023 Quos
530 2905 726 3041 agimus
752 2925 939 3037 praeter
964 2903 1144 3023 navim,
1172 2904 1397 3042 velisque
1424 2905 1667 3008 volamus,

433 3080 611 3180 Sidera
636 3117 828 3180 cessare
855 3078 1073 3179 aetheriis
1099 3078 1267 3178 adfixa
1292 3080 1514 3177 cavernis

365 3260 562 3361 Cuncta
590 3262 854 3384 videntum
893 3283 944 3359 at
969 3260 1179 3359 adsiduo
1206 3259 1255 3356 in
1285 3279 1403 3355 sunt
1428 3258 1596 3357 onmia
1614 3284 1771 3365 motu
1794 3310 1812 3393 ;

366 3433 799 3572 Quandoquidem
826 3435 1004 3571 longos
1028 3435 1196 3533 obitus
1216 3454 1390 3530 exorta
1408 3431 1649 3552 revisunt,

365 3608 535 3729 Quom
562 3646 828 3745 permensa
853 3646 942 3708 suo
968 3631 1087 3708 sunt
1112 3605 1291 3706 coelum
1317 3641 1525 3739 corpore
1550 3604 1725 3709 claro:

368 3786 562 3922 Solque
588 3786 696 3922 pari
725 3786 917 3883 ratione
944 3819 1164 3899 manere,
1192 3800 1244 3878 ct
1269 3778 1389 3876 luna
1415 3776 1616 3877 videtur

365 3955 424 4056 Iu
453 3959 682 4074 statione,
711 3995 770 4055 ea
796 3996 913 4095 quae
938 3957 1059 4057 ferri
1085 3991 1163 4054 res
1189 3951 1379 4051 indicat
1404 3952 1527 4087 ipsa.

437 4129 811 4267 Exstantesque
837 4133 1013 4267 procul
1042 4128 1208 4230 medio
1235 4127 1297 4228 de
1324 4127 1527 4264 gurgite
1554 4151 1786 4256 montes,

366 4302 625 4402 Classibus
650 4304 783 4403 inter
811 4344 939 4444 quos
965 4306 1094 4404 liber
1118 4323 1259 4438 patet
1283 4302 1466 4417 exime,
1491 4299 1628 4399 idem

362 4479 632 4615 Apparcut
647 4520 660 4601 ;
699 4502 749 4577 et
774 4480 926 4616 longe
953 4479 1130 4579 divolsi
1156 4479 1290 4595 licet,
1314 4476 1492 4612 ingens

365 4649 537 4797 insula
564 4651 843 4787 conjunctis
871 4676 1037 4753 tamen
1067 4691 1128 4751 ex
1155 4649 1233 4750 his
1258 4688 1361 4750 una
1378 4650 1596 4754 videtur.

435 4826 580 4924 Atria
604 4829 805 4946 versari,
827 4849 879 4927 et
904 4829 1294 4928 circumcursare
1315 4830 1565 4929 columnae

364 5000 543 5140 Usque
563 4998 688 5101 adeo
708 5000 767 5103 fit
787 5003 861 5102 uti
881 5005 1055 5145 pueris
1073 5004 1355 5122 videantur,
1376 4999 1466 5101 ubi
1487 5003 1583 5141 ipsi
