4432 5984
360 350 461 451 all
694 360 752 451 T.
822 358 1250 451 LUCRETII
1316 358 1525 450 CARI

360 614 579 757 Propter
603 616 827 756 signiferi
858 618 1139 755 posituram·
1158 617 1314 717 totius
1338 616 1505 741 orbis3
1660 646 1663 651 ·

362 798 550 894 Annua
575 794 647 892 sol
674 794 727 891 in
753 829 857 930 quo
882 792 1152 893 contundit
1169 816 1399 931 tempora
1423 833 1645 933 serpens,

365 966 596 1107 Obliquo
622 991 779 1066 terras
804 990 854 1067 et
879 968 1060 1066 ooelum
1087 965 1278 1066 lumine
1303 968 1554 1072 lustrans:

364 1142 439 1245 l't
463 1147 590 1243 ratio
617 1144 838 1243 ‹leolarat
864 1181 1053 1256 eorum,
1076 1143 1164 1279 qui
1193 1145 1301 1243 loca
1327 1145 1437 1243 coeli

365 1316 555 1418 Omnia
580 1317 834 1454 dispositis
860 1317 1015 1453 siguis
1041 1339 1216 1414 oruata
1236 1320 1490 1419 notarunt.

360 1493 470 1594 Aut
496 1493 616 1632 quia
643 1493 854 1593 crassior
877 1513 952 1589 est
978 1490 1126 1588 certis
1146 1490 1197 1589 in
1218 1490 1449 1627 partibus
1474 1496 1576 1610 aer,

365 1667 475 1769 Sub
502 1668 648 1767 terris
674 1666 788 1766 ideo
814 1663 1084 1764 tremulum
1104 1663 1263 1801 jubar
1284 1665 1481 1768 haesitat
1499 1670 1647 1806 ignis,

366 1841 413 1942 N
423 1881 479 1941 ec
505 1864 771 1978 penetrare
797 1860 963 1977 potest.
986 1836 1130 1938 facile
1150 1860 1305 1977 atque
1325 1880 1583 1981 emergere
1603 1845 1665 1945 ad
1686 1869 1856 1949 ortus:

365 2014 642 2154 Propterea
669 2039 840 2116 noctes
867 2012 1081 2113 hiberno
1106 2034 1336 2148 tempore
1362 2015 1529 2152 longae

367 2189 593 2309 Cessent,
622 2190 744 2290 dum
769 2191 937 2289 veniat
962 2187 1221 2288 radiatum·
1240 2187 1436 2323 insigne
1463 2190 1578 2289 diei.

362 2368 470 2467 Aut
496 2370 664 2485 etiam,
694 2366 815 2505 quia
840 2366 920 2465 sic'
937 2362 1143 2463 alternis
1169 2361 1399 2499 partibus
1425 2366 1542 2464 anni

360 2542 580 2644 Tardius
606 2565 657 2641 et
681 2542 827 2643 eitius
854 2559 1160 2640 consuerunt
1178 2537 1433 2637 confluere
1454 2538 1611 2674 ig'nes,

365 2714 467 2838 Qui
496 2716 681 2817 faciant
707 2717 861 2815 solem
887 2735 1022 2813 certa
1051 2712 1113 2811 de
1140 2748 1345 2848 surgere
1370 2734 1530 2847 parte.

281 2920 286 2929 '
374 3016 383 3027 ἱ
438 2890 586 2992 Luna
611 2914 778 3028 potest
803 2888 918 2989 solis
945 2886 1097 2985 radiis
1122 2921 1359 3022 pereussa
1383 2884 1561 3003 nitere,

366 3061 532 3202 loque
560 3063 666 3162 dies
696 3040 856 3200 majus
885 3062 1053 3160 lumen
1076 3081 1365 3159 convertere
1387 3058 1532 3158 nobis

364 3237 445 3338 Ad
474 3239 708 3374 speeiem,
731 3257 982 3373 quantum
1004 3235 1120 3333 solis
1148 3232 1331 3332 secedit
1360 3232 1425 3333 ab
1452 3231 1595 3353 orbe,

367 3410 621 3512 Donicum
651 3448 769 3511 eum
797 3435 972 3511 contra
996 3413 1148 3550 pleno
1174 3410 1304 3510 bene
1328 3411 1521 3510 lumine
1546 3410 1701 3531 fulsit,

370 3589 538 3725 Atque
565 3586 730 3685 oriens
754 3584 924 3686 obitus
950 3587 1057 3726 ejus
1083 3625 1236 3723 super
1261 3587 1398 3687 edita
1421 3584 1578 3687 vidit:

369 3759 495 3861 lude
522 3762 808 3859 minutatim
837 3785 973 3862 retro
1001 3764 1141 3900 quasi
1172 3762 1388 3864 condere
1410 3761 1580 3860 lumen

372 3934 541 4034 Debet
567 3934 704 4052 item,
732 3958 925 4071 quanto
953 3936 1162 4072 propius
1180 3935 1287 4074 jam
1315 3934 1432 4033 solis
1457 3932 1518 4032 atl
1545 3932 1714 4069 iguem

373 4109 586 4209 labitur
612 4146 673 4206 ex
700 4108 798 4206 alia
824 4108 1083 4244 signorum
1112 4130 1254 4244 parte
1280 4145 1372 4245 per
1396 4105 1600 4207 orbern:

236 4268 240 4275 ¹
371 4282 444 4386 Ut
467 4282 678 4400 faciunt,
707 4282 877 4380 lunam
905 4283 995 4420 qui
1021 4283 1222 4420 lingunt
1247 4320 1352 4382 esse
1377 4281 1501 4418 pilai

373 4455 714 4573 Consimilem‚
743 4493 1021 4595 cursusque
1043 4460 1171 4559 viam
1199 4457 1294 4558 sub
1321 4456 1422 4557 sole
1448 4477 1620 4555 tenere
1635 4495 1650 4579 ;

372 4629 645 4767 Propterea
671 4630 727 4729 fit
753 4632 825 4729 uti
848 4630 1112 4731 ‚videantur
1137 4632 1303 4731 (licere
1321 4667 1513 4732 verum.

452 4804 535 4901 list
560 4803 711 4901 etiarn
736 4841 943 4940 quoque
971 4805 1044 4905 uti
1072 4807 1279 4944 proprio
1305 4845 1419 4907 cum
1447 4805 1638 4906 lumine
1656 4807 1817 4945 possit

373 4978 594 5098 Volvier‚
616 5000 668 5076 et
686 4978 844 5079 varias
864 4980 1145 5119 splendoris
1164 4979 1378 5083 reddere
1395 4980 1603 5081 formas:
