4432 5984
538 351 541 355 ’
686 366 1436 475 mnanournr‘os.
1692 383 1789 478 aar

299 644 589 750 Utilitatem
615 643 855 780 aliquam,
884 678 1043 778 quare
1067 662 1359 778 pateremur
1384 681 1558 743 eorum

300 819 544 921 Praesidio
568 838 739 918 nostro
764 816 900 952 pasci
926 853 1104 950 genus,
1130 852 1340 953 esseque
1360 822 1562 918 tutuml

299 994 501 1095 Scilicet
525 990 634 1092 haec
660 991 771 1089 aliis
795 988 984 1124 praedae
1011 989 1253 1126 lucroque
1271 990 1512 1124 jacebant

297 1166 608 1303 Indupedita
634 1165 737 1263 suis
761 1160 998 1262 fatalibus
1022 1167 1192 1264 omnia
1209 1167 1408 1286 vinclis,
1569 1188 1573 1209 '

294 1338 554 1442 Donicum
578 1337 641 1437 ad
669 1337 930 1437 interitum
955 1376 1116 1474 genus
1142 1339 1194 1438 id
1221 1362 1402 1439 natura
1428 1341 1641 1479 redegit.

353 1514 455 1615 Sed
476 1550 643 1651 neque
661 1509 904 1610 Centauri
923 1509 1147 1632 fuerunt,
1168 1552 1335 1652 neque
1352 1536 1582 1651 tempore
1602 1517 1652 1616 in
1676 1516 1787 1618 ullo

290 1686 418 1789 Esse
441 1709 597 1827 queat
621 1685 813 1823 duplici
839 1708 1036 1807 natura,
1058 1710 1109 1786 et
1133 1726 1342 1824 corpore
1368 1688 1489 1788 bino

290 1860 374 1963 Ex
399 1862 695 2000 alienigenis
719 1859 959 1962 membris
983 1887 1246 2000 compacta
1270 1884 1518 1998 potestas.

289 2033 427 2137 Hinc
454 2038 591 2136 illinc
617 2073 709 2172 par
734 2036 806 2135 vis
831 2058 890 2135 ut
914 2075 1020 2134 non
1042 2038 1112 2136 sic
1137 2074 1243 2136 esse
1269 2037 1401 2172 potis
1428 2039 1522 2135 sit:

288 2206 350 2307 ld
376 2210 496 2309 licet
520 2207 637 2308 hinc
664 2211 893 2348 quamvis
921 2208 1089 2309 hebeti
1117 2248 1417 2347 cognoscere
1444 2210 1613 2312 corde.

355 2381 631 2520 Principio,
657 2383 845 2484 circum
870 2381 1032 2482 tribus
1057 2386 1179 2483 actis
1205 2385 1426 2520 impiger
1444 2385 1587 2482 annis

285 2534 1778 2696 Floretequm,puerhaudquaquam:quinsaepeetiamnum

282 2729 459 2836 Ubera
483 2771 814 2848 mammarum
840 2735 890 2833 in
919 2733 1105 2833 somnis
1132 2734 1368 2833 lactantia
1396 2758 1608 2872 quaeret,

281 2906 405 3008 Post
429 2907 517 3041 ubi
544 2946 731 3046 equom
755 2907 937 3009 validae
961 2911 1090 3009 vires
1116 2930 1264 3008 aetate
1290 2931 1506 3028 senecta,

281 3080 620 3221 Membraque
647 3083 893 3183 deficiunt
916 3082 1134 3220 fugienti
1161 3083 1403 3220 languida
1426 3085 1564 3207 vita3

276 3253 411 3357 Tum
439 3257 646 3357 demum
669 3260 841 3394 pueris
867 3298 974 3359 aevo
999 3261 1211 3359 florente
1230 3260 1472 3396 juventas

281 3431 501 3568 Occipit‚
522 3454 573 3530 et
597 3433 737 3531 molli
755 3434 906 3532 vestit
929 3433 1170 3570 lanugine
1198 3433 1388 3533 malas:

237 3613 241 3618 ’
279 3604 332 3707 N
336 3644 364 3705 e
390 3605 519 3705 forte
544 3645 608 3705 ex
634 3579 836 3707 homine
863 3629 914 3704 et
938 3606 1162 3705 veterino
1188 3606 1377 3706 semine
1404 3643 1657 3744 equorum
1683 3681 1689 3693 ·

277 3778 500 3880 Confieri
527 3779 701 3878 credas
730 3775 1013 3878 Centauros
1037 3816 1183 3914 posse
1209 3817 1465 3880 nec-esse:

165 3982 169 3989 ’
272 3955 381 4055 Aut
404 3953 604 4090 rapidis¹
619 3952 829 4054 canibus
854 3953 1130 4052 succinctas
1156 3952 1487 4053 semimarinis

274 4127 587 4267 Corporibus
613 4129 824 4268 Scyllas,
851 4149 903 4225 et
926 4147 1113 4225 caetera·
1133 4124 1203 4224 de
1216 4164 1401 4262 genere
1422 4125 1622 4248 horum,

271 4300 414 4402 Inter
440 4341 491 4402 se
518 4340 738 4442 quorum
764 4298 1015 4401 discordia
1032 4297 1260 4398 membra
1278 4300 1540 4402 videmus:

271 4474 402 4595 Quae
429 4514 597 4614 neque
622 4477 897 4576 florescunt
919 4470 1127 4610 pariter,
1148 4508 1318 4608 neque
1343 4473 1527 4574 robora
1551 4496 1759 4575 sumunt

270 4649 606 4789 Corporibus,
629 4686 799 4789 neque
823 4645 1098 4785 projiciunt
1122 4669 1270 4747 aetate
1296 4673 1524 4771 senecta3

189 4872 192 4877 ·
268 4824 382 4928 Nec
409 4827 557 4927 simili
584 4823 782 4926 Venere
809 4825 1094 4945 ardescunt,
1122 4863 1216 4924 nec
1241 4818 1466 4921 moribus
1491 4821 1603 4920 unis

269 4999 613 5124 Conveniunt,⁴
632 5039 727 5103 nec
752 5022 872 5103 sunt
896 5001 1071 5102 eadem
1089 4997 1320 5138 jucunda
1344 5034 1438 5136 per
1461 5018 1605 5097 artus
1618 5035 1636 5096 :-
