4432 5984
401 306 530 451 ¹aaa.
753 362 813 449 r.
870 358 1298 451 Lucanam
1346 310 1558 451 cln1

413 622 459 723 E
484 622 631 721 simili
658 661 822 743 causa,
850 644 901 721 et
925 659 1168 721 concursu
1198 642 1346 718 natus
1371 621 1564 724 eodem.

484 796 596 897 Hoc
623 799 774 896 ctiam
800 819 948 934 pacto
972 795 1165 895 volucri
1189 794 1300 893 loca
1324 793 1514 896 lumine
1541 799 1750 935 tingunt

413 969 612 1091 Nubes,
641 994 692 1070 et
714 972 932 1071 tremulo
957 994 1230 1108 tempestas
1255 970 1442 1107 impete
1469 971 1621 1110 fulgit
1636 1012 1650 1097 3

411 1143 609 1246 Ventus
636 1144 724 1246 ubi
752 1146 933 1246 invasit
958 1143 1164 1264 nubem,
1192 1166 1243 1242 et
1267 1167 1491 1245 versatus
1517 1146 1706 1251 ibidem

412 1318 568 1440 Fecit,
597 1345 654 1421 ut
679 1344 813 1436 ante,
840 1358 1028 1439 cavam,
1057 1318 1222 1436 docui,
1250 1318 1543 1453 spissescere
1571 1321 1774 1442 nubem,

335 1578 337 1582 .
412 1494 702 1598 Mobilitate
728 1476 819 1597 sua
843 1498 1075 1599 fervescit
1090 1538 1103 1619 ;
1143 1518 1199 1595 ut
1223 1498 1392 1596 omnia
1418 1521 1558 1597 rnotu

409 1670 750 1772 Percalefacta
773 1671 912 1773 vides
938 1671 1225 1773 ardescere:
1266 1672 1507 1809 plumbea
1530 1713 1648 1775 vero

413 1844 573 1948 Glans
599 1849 749 1947 etiarn
776 1848 933 1983 longo
959 1885 1109 1947 cursu
1136 1847 1383 1948 volvenda
1408 1847 1658 1986 liquescit.

411 2021 550 2161 Ergo
575 2023 798 2123 fervidus
824 2019 906 2122 hic
932 2022 1119 2123 nubem
1149 2061 1304 2160 quoin
1331 2024 1572 2161 perscidit
1596 2049 1771 2146 atram,

411 2197 659 2336 Dissupat
682 2197 876 2297 ardoris
902 2197 1047 2334 quasi
1073 2198 1288 2331 pervim
1317 2235 1554 2334 expressa
1580 2224 1789 2337 repente

409 2374 629 2494 Semina,
658 2411 775 2512 quae
799 2369 994 2471 faciunt
1021 2370 1260 2470 nictantia
1278 2370 1484 2508 fulgura
1509 2376 1757 2476 flammae:
1849 2438 1852 2443 ·

408 2546 537 2648 Inde
563 2584 715 2648 sonus
741 2545 987 2683 sequitur,
1016 2543 1103 2681 qui
1131 2543 1323 2644 tardius
1349 2545 1522 2647 adlicit
1546 2551 1726 2669 aureis,

409 2721 579 2843 Quam
606 2760 723 2859 quae
749 2719 1055 2857 perveniunt
1080 2717 1250 2817 oculos
1276 2717 1337 2815 ad
1366 2719 1559 2820 lumina
1586 2746 1793 2824 nostros.

409 2897 612 2997 Scilicet
636 2894 731 2996 hoc
758 2895 927 2994 densis
953 2894 1012 2994 fit
1037 2889 1276 3010 nubibus,
1305 2916 1356 2992 et
1381 2896 1528 2994 sinrul
1557 2898 1656 2996 alte

407 3069 693 3172 Exstructis
719 3070 828 3169 aliis
854 3068 974 3168 alias
1000 3106 1153 3205 super
1179 3071 1367 3207 impete
1396 3075 1536 3173 ruiro.

480 3245 593 3347 Nec
619 3245 713 3346 tibi
740 3247 805 3344 sit
828 3243 1014 3363 fraudi,
1042 3246 1178 3382 quod
1208 3286 1298 3346 nos
1325 3246 1517 3346 inferne
1545 3248 1772 3351 videmus

409 3419 1981 3559 Quamsintlatamagisquarnsnrsumexstrnctaquidexstent3

409 3595 795 3734 Contemplator
821 3596 955 3694 enirn
984 3633 1140 3734 quoni
1170 3594 1427 3694 montibus
1453 3594 1739 3697 adsiinilata

407 3769 605 3870 Nubila
631 3770 911 3907 portabunt
934 3770 1071 3870 venti
1096 3791 1379 3870 transversa
1404 3806 1496 3904 per
1520 3807 1694 3896 auras3

273 4016 277 4021 -
405 3945 516 4045 Aut
542 3944 626 4045 ubi
656 3984 748 4084 per
772 3984 982 4083 magnos
1007 3946 1222 4044 montcis
1247 3944 1504 4044 cumulata
1526 3944 1721 4047 videbis

407 4118 623 4258 lusuper
648 4141 752 4221 esse
780 4122 888 4221 aliis
913 4120 1027 4238 alia,
1055 4141 1210 4256 atque
1236 4156 1418 4256 urgere
1445 4160 1664 4259 superna

408 4292 467 4394 ln
496 4299 707 4395 statione
734 4296 896 4396 locata
922 4296 1133 4432 sepultis
1160 4293 1391 4431 undique
1418 4297 1607 4396 ventis:

404 4466 536 4596 Turn
565 4470 753 4606 poteris
778 4508 986 4607 magnas
1011 4469 1186 4569 moleis
1212 4436 1513 4608 cognoscere
1539 4512 1730 4594 eorum,

406 4645 788 4783 Speluncasque
814 4644 954 4744 velut
979 4646 1110 4746 saxis
1134 4643 1477 4781 pendentibus
1503 4670 1715 4748 structas

408 4822 645 4939 Cernere,
675 4857 800 4957 quas
826 4819 962 4919 venti
990 4856 1161 4956 quom,
1190 4842 1488 4957 tempestate
1515 4844 1700 4945 coorta,

407 4991 757 5132 Cornplerunt‚
784 4991 970 5133 magno
994 4991 1329 5131 indignantur
1353 5033 1611 5097 murmure
1636 4998 1793 5098 clausi
