4432 5984
432 356 536 452 230
765 354 824 443 T.
891 350 1320 444 LUCRETII
1385 350 1593 444 CARI

389 739 397 752 ,Ι
439 615 762 757 Commutare
787 609 926 710 novis
951 606 1298 709 monstrabant
1321 606 1487 729 rebus,
1515 631 1567 708 et
1589 606 1712 747 igni,

393 774 397 780 ’
437 776 652 927 iugenio
678 784 767 922 qui
791 780 1120 922 praestabant,
1147 803 1198 880 et
1223 780 1372 881 corde
1399 780 1652 919 vigebant.

509 960 741 1062 Condere
768 978 1031 1095 coeperunt
1055 952 1239 1075 urbeis,
1260 992 1525 1095 arcemque
1551 958 1714 1059 locare

436 1135 737 1240 Praesidium
762 1169 905 1268 reges
930 1132 1026 1268 ipsi
1051 1129 1162 1250 sibi,
1182 1131 1606 1271 perfugiumque:

438 1311 510 1413 Et
533 1308 769 1448 pecudeS,
797 1328 849 1405 et
874 1342 1019 1441 agros
1046 1303 1274 1423 divisere,
1301 1326 1456 1443 atque
1481 1305 1666 1406 dedere

437 1481 539 1583 Pro
563 1481 688 1581 facie
714 1478 978 1614 cujusque,
1005 1499 1058 1576 et
1075 1475 1279 1599 viribus,
1306 1480 1643 1617 ingenioque:

438 1654 575 1758 Nam
601 1653 750 1753 facies
776 1650 991 1749 multum
1016 1650 1191 1770 valuit,
1216 1651 1449 1791 viresque
1473 1652 1728 1791 vigebant.

437 1830 692 1931 Posterius
717 1865 794 1926 res
821 1827 1022 1925 inventa
1047 1847 1137 1944 est,
1164 1864 1445 1966 aurumque
1470 1851 1743 1964 repertum,

438 2003 592 2124 Quod
619 2001 763 2102 facile
789 2022 839 2098 et
862 1997 1040 2097 validis
1065 2019 1117 2095 et
1141 1998 1364 2135 pulchris
1391 2002 1608 2140 dempsit
1632 2002 1891 2108 honorem.

438 2176 700 2281 Divitioris
724 2174 857 2273 enim
884 2192 1067 2270 sectam
1093 2171 1396 2313 plerumque
1422 2201 1708 2316 sequuntur

438 2346 752 2474 Quamlubet
777 2369 829 2446 et
853 2345 1022 2465 fortes,
1044 2368 1095 2444 et
1118 2345 1331 2483 pulchro
1357 2389 1564 2488 corpore
1590 2353 1730 2456 creti.

507 2523 657 2644 Quod
686 2520 842 2658 siquis
866 2556 983 2619 vera
1006 2511 1160 2618 vitam
1185 2523 1377 2620 ratione
1401 2522 1668 2660 gubernet,

436 2700 644 2805 Divitiae
668 2695 886 2835 grandes
910 2690 1101 2793 homini
1124 2714 1261 2811 sunt,
1287 2695 1451 2794 vivere
1476 2733 1625 2832 parce

435 2875 609 3012 AEquo
624 2871 817 2992 anim03
833 2867 1149 3005 nequeenim
1166 2888 1241 2965 est
1260 2904 1484 3005 unquam
1505 2870 1733 3008 paenuria
1750 2873 1916 3007 parvis

433 3050 506 3150 At
529 3048 687 3148 claros
712 3083 763 3146 se
788 3042 1016 3143 homines
1041 3042 1241 3142 voluere
1267 3078 1389 3159 esse,
1417 3063 1571 3179 atque
1597 3016 1865 3179 potenteis,

440 3222 511 3326 Ut
535 3219 862 3321 fundamento
888 3214 1054 3315 stabili
1078 3213 1283 3315 fortuna
1308 3239 1547 3335 maneret,

437 3395 505 3497 Et
529 3392 777 3530 placidam
804 3411 1007 3527 possent
1031 3389 1260 3525 opulenti
1286 3386 1469 3525 degere
1487 3390 1670 3489 vitam:

435 3567 821 3708 Nequidquam3
839 3528 1078 3702 quoniam
1094 3559 1155 3659 ad
1167 3597 1416 3659 summum
1427 3560 1690 3661 succedere
1700 3559 1942 3666 honorem

438 3743 717 3859 CertauteS,
744 3738 840 3836 iter
863 3733 1102 3835 infestum
1129 3733 1288 3832 fecere
1314 3732 1426 3834 viai.

285 3974 288 3979 ·
436 3918 505 4020 Et
527 3941 693 4017 tamen
721 3952 748 4012 e
768 3948 968 4011 summo
996 3909 1137 4046 quasi
1161 3907 1353 4008 fulmen
1379 3907 1550 4046 dejicit
1573 3910 1696 4011 ictos

437 4091 635 4194 Invidia
657 4085 913 4187 interdum
938 4085 1264 4220 contemptim
1290 4084 1339 4183 in
1366 4080 1577 4182 Tartara
1600 4107 1757 4187 tetra:

437 4264 512 4368 Ut
537 4262 689 4364 satius
713 4259 873 4358 multo
890 4295 997 4394 Jarn
1024 4259 1088 4356 sit
1111 4295 1285 4393 parere
1312 4258 1558 4396 quietum,

436 4437 604 4557 Quam
632 4469 805 4570 regere
830 4431 1041 4567 imperio
1065 4468 1143 4529 res
1167 4429 1311 4550 velle,
1339 4453 1392 4529 et
1415 4466 1571 4566 regna
1595 4451 1784 4535 tenere.

436 4605 672 4724 Proinde,
700 4604 821 4723 sine,
844 4603 1089 4702 incassum
1116 4603 1296 4704 defessi
1322 4606 1566 4742 sanguine
1594 4607 1779 4709 sudent

437 4785 726 4917 Angustum
751 4814 844 4913 per
865 4776 963 4876 iter
985 4778 1232 4877 luctantes
1257 4777 1572 4903 ambitionis3

438 4952 634 5056 Invidia
660 4952 897 5090 quoniam
924 4987 1010 5051 seu
1036 4950 1246 5052 fulmine
1272 4990 1464 5056 summa
1488 4978 1734 5094 vaporant
1829 5004 1832 5009 ·
