4432 5984
367 349 438 451 64
736 359 796 451 Τ.
848 349 1285 448 LUCRETII
1333 352 1571 445 ona}

369 617 469 718 Sed
496 616 656 753 magis
682 615 938 754 angululis
962 607 1194 753 paullum
1220 609 1586 752 prestantibus,
1612 632 1672 710 et
1691 643 1841 748 quae

368 789 598 892 Titillare
626 790 786 928 magis
812 827 1002 911 sensus,
1030 827 1186 928 quam
1211 787 1397 888 laerlere
1422 810 1668 926 possunt3

369 961 569 1067 Faeoula
586 963 695 1100 jam
722 1000 827 1104 quo
853 963 916 1062 de
941 1001 1127 1100 genere
1147 985 1239 1082 est,
1267 962 1526 1100 inulaeque
1552 999 1785 1100 sapores.

368 1137 610 1278 Denique
628 1138 735 1276 jam
763 1137 951 1238 calidos
977 1140 1154 1276 igneis,
1182 1137 1509 1277 gelidamque
1532 1138 1806 1275 pruinam,

369 1313 617 1415 Dissimili
644 1311 853 1413 dentata
879 1312 1028 1413 modo
1054 1340 1398 1450 compungere
1423 1350 1599 1414 sensus

282 1627 285 1634 Ι
371 1485 627 1626 Corporis,
653 1486 840 1588 indicio
866 1485 1012 1587 nobis
1039 1508 1114 1586 est
1139 1508 1302 1587 tactus
1328 1510 1564 1627 uterque.

369 1661 558 1771 Tactus
582 1662 735 1779 enim,
763 1650 927 1763 tactus
952 1669 1072 1799 (pro
1099 1662 1269 1764 divum
1296 1663 1507 1764 numina
1531 1666 1730 1798 saneta)
1767 1706 1771 1722 ·

366 1839 610 1978 {Corporis
635 1860 712 1939 est
736 1876 926 1956 sensus,
953 1837 1032 1936 vel
1060 1874 1217 1974 quom
1242 1875 1323 1938 res
1348 1860 1521 1939 extera
1546 1868 1652 1938 sese
1754 1871 1762 1882 ·

367 2013 617 2133 Insinuat,
644 2013 724 2113 vel
751 2050 906 2152 quom
935 2009 1076 2111 laedit
1096 2048 1213 2149 quae
1239 2011 1289 2109 in
1317 2051 1526 2150 corpore
1552 2036 1672 2115 nata
1696 2036 1802 2135 est,

367 2188 476 2289 Aut
493 2188 641 2325 juvat
665 2185 931 2322 egrediens
957 2183 1223 2321 genitaleis
1248 2223 1342 2322 per
1366 2185 1582 2290 Veneris
1606 2172 1718 2312 res,

366 2367 476 2467 Aut
501 2402 564 2463 ex
590 2359 787 2463 offensu
814 2399 969 2499 quom
994 2357 1207 2461 turbant
1231 2398 1441 2499 corpore
1467 2363 1651 2501 inipso

367 2538 589 2659 Semina,
615 2535 1039 2674 confunduntque
1065 2536 1199 2635 inter
1224 2575 1275 2637 se
1299 2538 1498 2640 concita
1522 2575 1722 2639 sensum
1743 2557 1764 2663 3'

364 2712 440 2818 Ut
466 2714 505 2815 si
531 2714 660 2814 sorte
686 2751 840 2813 manu
868 2713 1096 2849 quamvis
1114 2712 1223 2848 jam
1249 2714 1472 2850 corporis
1497 2713 1606 2850 ipse

365 2886 499 2990 Tute
525 2887 617 2988 tibi
644 2909 841 3025 partem
866 2886 1032 3006 ferias,
1060 2926 1209 3024 aeque
1235 2890 1516 3026 experiare.

366 3060 696 3200 Quapropter
719 3061 871 3199 longe
897 3062 1081 3163 formas
1108 3064 1292 3163 distare
1320 3102 1520 3164 neeesse
1547 3086 1640 3184 est,

364 3236 649 3377 Principiis,
676 3239 838 3340 varios
865 3276 982 3376 quae
1008 3239 1203 3376 possint
1227 3238 1377 3338 edere
1404 3277 1593 3341 sensus.

434 3411 694 3551 Denique,
723 3451 841 3550 quae
867 3409 1014 3511 nobis
1042 3409 1303 3512 (lurata'ac
1330 3414 1489 3550 spissa
1511 3414 1776 3536 videntur,

367 3585 492 3689 Haec
518 3588 678 3723 magis
703 3584 917 3688 hamatis
943 3587 1075 3685 inter
1101 3624 1204 3686 sese
1232 3625 1338 3688 esse
1364 3627 1564 3690 neeesse
1591 3612 1683 3710 est,

365 3762 434 3864 Et
459 3762 604 3901 quasi
632 3761 838 3861 ramosis
864 3760 964 3859 alte
990 3784 1251 3896 compacta
1276 3766 1467 3865 teneri:
1545 3827 1550 3837 ·

364 3935 424 4035 In
454 3973 557 4074 quo
575 3934 684 4070 jam
710 3935 974 4072 genere'in
1003 3937 1179 4072 primis
1205 3936 1529 4041 adamantina
1553 3981 1690 4066 saxa,

362 4111 533 4211 Prima
558 4109 663 4210 acie
689 4131 935 4228 constant,
964 4111 1093 4209 ictus
1118 4133 1440 4256 contemnere
1467 4139 1625 4237 sueta,

362 4285 431 4391 Et
456 4285 608 4386 validi
636 4285 814 4401 silices,
835 4321 892 4383 ac
918 4283 1034 4383 duri
1051 4283 1235 4383 'robora
1260 4284 1398 4406 ferri,
1501 4318 1505 4327 ·

360 4461 606 4598 AEraque,
636 4496 753 4596 quae
780 4458 1009 4558 claustris
1035 4462 1276 4559 restantia
1299 4463 1654 4571 vociferantur.

431 4632 528 4733 llla
553 4656 722 4732 autem
749 4630 937 4735 debent
963 4671 1027 4731 ex
1052 4633 1263 4735 laevibus
1290 4658 1443 4775 atque
1471 4641 1705 4744 rotundis

361 4805 483 4908 Esse
511 4808 687 4943 magiS,
712 4806 875 4906 fluido
902 4820 1020 4948 quae
1047 4828 1255 4947 corpore
1282 4813 1479 4952 liquida
1504 4839 1766 4922 constant:

362 4977 477 5083 Neo
502 4981 785 5083 retinentur
807 4983 942 5082 enim
967 4986 1102 5083 inter
1127 5023 1178 5085 se
1204 4987 1568 5125 glomeramina
1594 5031 1849 5135 quaeque,
1903 5056 1907 5063 ·
