4432 5984
359 290 461 391 104
699 300 758 386 Τ.
826 294 1257 390 LUCRETII
1321 288 1534 381 CARI

362 556 446 657 Sic
471 555 623 676 calor,
644 578 799 694 atque
826 560 927 676 aer,
955 579 1007 657 et
1030 556 1166 657 venti
1193 590 1325 655 caeca
1354 572 1577 687 potestas

360 730 519 832 Mista
543 754 717 831 creant
740 770 893 833 unam
920 755 1168 851 naturam,
1195 754 1246 831 et
1272 732 1470 834 mobilis
1496 726 1582 828 ilia

359 902 469 1023 Vis,
495 905 697 1005 initium
722 926 889 1005 motus
915 904 1050 1005 obse
1077 942 1195 1042 qnae
1221 905 1403 1005 dividit
1425 903 1553 1021 ollis,

364 1076 586 1176 Sensifer
611 1078 749 1178 unde
773 1080 934 1178 oritur
957 1080 1179 1215 primum
1198 1114 1291 1214 per
1314 1079 1505 1179 viscera
1528 1092 1734 1173 motus,

366 1248 504 1351 Nam
530 1251 735 1387 penitus
759 1287 991 1387 prorsum
1017 1251 1142 1350 latet
1165 1249 1275 1351 haec
1300 1275 1500 1369 nutura,
1525 1244 1863 1389 subestque,

365 1421 483 1525 Nec
505 1425 665 1562 magis
689 1421 783 1524 hac
808 1423 939 1524 infra
964 1423 1246 1563 quidquam
1272 1446 1348 1525 est
1361 1424 1413 1523 in
1432 1455 1644 1558 corpore
1665 1436 1871 1517 nostro
1880 1454 1901 1537 ;

364 1599 538 1738 Atque
566 1599 733 1699 anima
758 1620 833 1697 est
859 1598 1038 1696 animae
1063 1635 1310 1736 proporro
1335 1596 1489 1697 totius
1514 1595 1655 1730 ipsa:

369 1771 522 1893 Quod
550 1812 712 1911 genus
739 1776 790 1872 in
815 1772 997 1873 nostris
1023 1771 1281 1891 membris,
1305 1794 1356 1870 et
1374 1802 1584 1905 corpore
1608 1784 1733 1863 toto

368 1944 526 2047 Mista
549 1947 711 2048 latens
735 1948 887 2047 animi
908 1948 982 2046 vis
1001 1969 1092 2065 est,
1119 1946 1406 2082 animaeque
1429 1962 1692 2080 potestas;

371 2118 686 2257 Corporibus
713 2123 835 2260 quia
861 2120 923 2219 de
949 2120 1115 2258 parvis
1140 2119 1418 2257 paucisque
1443 2136 1612 2217 creata
1638 2134 1747 2215 est.

371 2290 454 2393 Sic
479 2292 573 2395 tibi
593 2295 809 2394 nominis
831 2290 941 2394 haec
967 2330 1149 2429 expers
1172 2293 1262 2411 vis,
1288 2290 1421 2393 sacta
1444 2289 1653 2391 minutis

373 2462 684 2602 Corporibus
708 2466 863 2589 latet3
901 2489 1054 2603 atque
1081 2464 1265 2563 animai
1290 2464 1446 2565 totius
1471 2465 1585 2600 ipsa

372 2636 627 2778 Proporro
651 2664 728 2743 est
750 2643 934 2759 anima,
959 2660 1011 2736 et
1035 2637 1325 2737 dominatur
1348 2674 1558 2774 corpore
1582 2656 1720 2737 toto.
1871 2628 1877 2637 ¹

377 2809 639 2915 Consimili
665 2816 857 2914 ratione
882 2847 1082 2911 necesse
1108 2833 1184 2909 est
1210 2831 1404 2931 ventus,
1430 2834 1482 2910 et
1499 2814 1602 2930 aer,

376 2983 446 3085 Et
460 2987 596 3088 calor
613 2988 746 3086 inter
771 3025 822 3085 se
845 2987 1051 3122 vigeant
1068 2984 1328 3085 commista
1351 3022 1443 3122 per
1462 3006 1619 3103 amus,

375 3159 550 3296 Atque
576 3159 686 3257 aliis
710 3158 846 3257 alind
876 3158 1036 3259 subsit
1054 3159 1231 3294 magis,
1258 3158 1598 3296 eminentque,

378 3330 455 3435 Ut
479 3334 725 3472 quiddam
746 3334 852 3433 fieri
877 3330 1108 3430 videatur
1133 3329 1196 3429 de
1221 3330 1453 3429 omnibus
1479 3368 1674 3431 unum:

381 3505 467 3605 Ne
493 3508 647 3623 calor,
672 3543 728 3603 ac
752 3527 931 3603 ventus
958 3539 1194 3621 seorsum,
1224 3541 1550 3639 seorsumque
1575 3524 1828 3639 potestas
1966 3626 1971 3633 Ι

380 3681 529 3783 Aeris
553 3680 845 3780 interimant
869 3715 1086 3795 sensum,
1112 3677 1424 3816 diductaque
1449 3679 1658 3781 solvant.

455 3853 549 3953 Est
572 3853 723 3951 etiam
749 3850 883 3951 calor
907 3853 992 3950 iile
1019 3853 1202 3970 animo,
1229 3891 1382 3988 quem
1402 3853 1555 3951 sumit
1582 3854 1634 3952 in
1654 3852 1757 3973 ira,

387 4025 557 4145 Quom
582 4023 832 4142 fervescit,
852 4046 903 4122 et
927 4064 989 4123 ex
1016 4026 1172 4124 oculis
1198 4027 1349 4124 micat
1367 4024 1567 4127 acribus
1592 4004 1792 4129 ardor..

387 4198 483 4300 Est
506 4219 557 4295 et
580 4194 767 4329 frigida
791 4197 947 4295 multa
972 4235 1137 4298 comes
1162 4197 1444 4299 formidinis
1470 4238 1612 4319 aura,

390 4371 523 4493 Quae
549 4369 647 4467 ciet
665 4364 921 4467 horrorem
947 4372 996 4468 in
1023 4370 1277 4491 membris,
1303 4395 1355 4471 et
1379 4373 1598 4475 eoncitat
1621 4394 1800 4479 artus.
1959 4460 1965 4471 .

391 4544 485 4646 Est
508 4543 658 4642 etiam
686 4576 891 4678 quoque
915 4547 1080 4679 pacati
1106 4569 1264 4648 status
1290 4548 1417 4647 aeris
1443 4546 1546 4666 ille,

389 4716 601 4821 Pectore
626 4713 901 4851 tranquillo
927 4717 1018 4853 qui
1036 4717 1109 4837 fit,
1135 4721 1378 4858 voltuque
1403 4756 1594 4818 sereno.

394 4887 494 4989 Sed
522 4883 669 4986 calidi
694 4883 810 5022 plus
835 4908 910 4985 est
934 4890 1047 5008 illis,
1076 4890 1262 5031 quibus
1287 4895 1420 4993 acria
1444 4893 1617 5013 corda,
