4432 5984
766 370 1040 461 LIBER
1104 370 1454 464 SEXTUS.
1756 370 1858 480 277

361 624 471 728 Hos
498 629 656 767 igitur
679 628 829 729 tellus
855 630 1046 729 omneis
1072 653 1318 730 exaestuet
1344 652 1525 753 aestus;

361 802 705 943 Exspiretque
731 803 862 903 foras
888 804 939 902 in
967 827 1142 940 aperta
1167 829 1508 942 promptaque
1535 807 1664 908 coeli.

431 978 514 1079 Sic
540 1003 590 1078 et
616 982 818 1079 Averna
842 979 951 1079 loca
977 976 1180 1079 alitibus
1207 978 1502 1080 submittere
1529 980 1720 1082 debent

360 1151 679 1254 Mortiferam
704 1154 822 1271 vim,
852 1153 915 1253 de
941 1175 1075 1252 terra
1101 1191 1217 1291 quae
1246 1156 1410 1292 surgit
1435 1154 1486 1254 in
1512 1192 1674 1275 auras,

360 1327 436 1431 Ut
461 1331 680 1466 spatium
706 1328 818 1429 coeli
844 1328 1065 1467 quadam
1093 1329 1156 1428 de
1183 1354 1328 1469 parte
1356 1351 1599 1454 venenct3
1640 1436 1646 1443 ,

363 1502 482 1622 Quo
509 1505 658 1604 simul
685 1544 740 1604 ac
768 1505 988 1641 primum
1015 1508 1196 1641 pennis
1223 1507 1390 1607 delata
1415 1507 1480 1606 sit
1504 1504 1622 1624 ales,

362 1676 678 1831 impediatur
704 1678 774 1777 ibi
800 1719 933 1780 caeco
959 1705 1200 1819 conrepta
1225 1722 1435 1802 venen0,

359 1852 435 1957 Ut
460 1855 607 1955 cadat
632 1893 660 1954 e
686 1855 890 1992 regione
916 1855 1027 1975 loci,
1059 1892 1162 1993 qua
1188 1856 1362 1995 dirigit
1388 1880 1572 1980 aestus3

361 2027 481 2149 Quo
507 2068 662 2167 quom
688 2031 903 2149 conruit,
931 2028 1040 2131 haec
1067 2029 1248 2174 eadem
1269 2031 1349 2137 vis.
1369 2032 1505 2132 illius
1531 2055 1683 2136 aestus
1751 2062 1756 2071 '

359 2201 641 2345 Relliquias
667 2207 783 2305 vitae
808 2203 1047 2305 membris
1073 2247 1135 2306 ex
1162 2206 1397 2308 omnibus
1423 2207 1605 2312 aufert.

360 2378 569 2516 Quippe
597 2382 782 2479 etenim
801 2382 965 2516 primo
987 2384 1132 2520 quasi
1153 2381 1410 2521 quendam
1431 2384 1627 2486 conciet
1646 2405 1854 2485 aestum:

359 2553 616 2656 Posterius
642 2555 715 2673 fit,
744 2557 816 2654 uti
847 2595 1000 2695 quom
1021 2556 1129 2693 jam
1156 2555 1380 2656 cecidere
1401 2558 1580 2657 veneni

360 2727 423 2827 ln
448 2729 631 2828 fonteis
657 2729 806 2867 ipsos,
834 2729 905 2829 ibi
932 2731 997 2831 sit
1023 2767 1229 2868 quoque
1254 2732 1357 2832 vita
1382 2731 1647 2853 vomenda,
1710 2747 1712 2751 ’

357 2903 638 3042 Propterea
663 2906 807 3044 quod
834 2930 1017 3044 magna
1045 2906 1160 3006 mali
1189 2907 1254 3006 sit
1280 2907 1427 3044 copia
1449 2907 1655 3009 circum.

431 3081 514 3181 Fit
556 3119 762 3220 quoque
806 3103 866 3181 ut
908 3079 1166 3181 interdum
1210 3082 1283 3181 vis
1326 3080 1452 3203 haec,
1504 3104 1661 3221 atquc
1705 3102 1858 3184 aestus

567 3257 773 3374 Averni,

357 3433 508 3552 Aera,
537 3435 623 3572 qui
652 3434 785 3532 inter
811 3432 942 3533 aveis
968 3470 1188 3572 cumque
1216 3455 1291 3531 est
1324 3454 1614 3570 terramque
1646 3431 1855 3551 locatus,

239 3614 241 3618 ⁴
360 3607 631 3727 Discutiat,
659 3645 820 3744 prope
848 3609 922 3706 uti
948 3606 1088 3707 locus
1115 3606 1233 3709 hinc
1258 3608 1524 3746 linquatur
1551 3608 1742 3708 inanis:

361 3783 562 3922 Quojus
590 3783 677 3883 ubi
702 3823 729 3883 e
755 3785 960 3921 regione
986 3784 1082 3885 loci
1108 3823 1289 3885 venere
1316 3784 1558 3905 volantes,

360 3958 627 4062 Claudicat
651 3958 908 4094 extemplo
934 3997 1215 4096 pennarum
1242 3959 1380 4058 nisus
1405 3958 1584 4077 inanis,

360 4135 430 4237 Et
453 4173 695 4237 conamen
723 4135 982 4270 utrimque
1008 4134 1200 4234 alarum
1228 4133 1461 4271 proditur
1484 4170 1663 4232 omne:

262 4330 267 4336 ’
360 4309 460 4412 ch
486 4307 574 4410 ubi
600 4309 765 4408 nixari
791 4331 1073 4446 nequeunt,
1101 4311 1436 4445 insistereque
1463 4282 1591 4428 alis,'

360 4488 562 4589 Scilicet
586 4485 639 4584 in
663 4507 850 4584 terram
876 4484 1041 4586 delabi
1072 4483 1296 4623 pondere
1323 4484 1459 4620 cogit

359 4662 563 4766 Natura
578 4703 592 4786 ;
630 4684 682 4760 et
705 4698 919 4761 vacuum
947 4699 1107 4799 prope
1124 4660 1232 4797 jam
1259 4696 1352 4795 per
1376 4659 1524 4756 inane
1541 4655 1769 4793 jacentes

359 4837 679 4974 Dispergunt
704 4838 896 4936 animas
921 4872 1014 4971 per
1037 4834 1206 4935 caulas
1230 4833 1452 4970 corporis
1477 4831 1685 4934 omneis,

427 5011 681 5147 Frigidior
706 5048 857 5148 porro
884 5012 936 5111 in
963 5011 1131 5148 puteis
1160 5032 1333 5111 aestate
1360 5009 1420 5110 fit
1445 5006 1642 5127 humor,
