4432 5984
704 354 973 446 LIBER
1033 347 1453 443 QUARTUS.
1747 344 1839 441 181

356 610 464 713 Aut
489 613 628 752 quod
654 617 705 715 in
736 613 975 750 ambiguo
999 608 1209 712 verbum
1230 609 1454 747 jaculata
1478 609 1703 747 reliquit,

359 783 512 905 Quod
542 788 729 926 cupido
755 789 982 890 adfixum
1008 784 1147 888 cordi
1173 785 1393 905 vivescit,
1424 808 1479 884 ut
1504 785 1665 922 ignis3

354 960 463 1061 Aut
488 964 698 1062 nimium
717 963 909 1101 jactare
933 962 1122 1084 oculos,
1151 964 1368 1063 aliumve
1393 964 1524 1062 tueri

359 1132 513 1254 Quod
539 1159 702 1274 putat,
730 1139 781 1238 in
807 1137 1052 1276 voltuque
1079 1137 1218 1238 videt
1241 1136 1451 1270 vestigia
1476 1135 1621 1234 risun.

405 1311 638 1449 Arquein
649 1309 1307 1449 amoremalahaeeproprm,
1319 1307 1615 1448 summeque
1626 1307 1848 1411 secundo

357 1480 694 1586 Inveniuntur
708 1524 722 1610 ;
760 1487 812 1587 in
839 1487 1047 1587 adverso
1072 1524 1207 1605 veru,
1233 1508 1387 1623 atque
1413 1487 1554 1623 inopi
1581 1507 1716 1605 sunt,

358 1656 614 1758 Prendere
641 1698 757 1797 quae
781 1660 942 1797 possis
967 1659 1230 1759 oculorum
1257 1656 1446 1758 lumine
1473 1679 1664 1795 apertu,

360 1828 785 1932 Innumerabilia:
826 1855 884 1932 ut
908 1831 1088 1933 melius
1106 1834 1316 1969 vigilare
1342 1834 1406 1930 sit
1430 1855 1565 1952 ante,

361 2003 481 2125 Qua
506 2005 654 2107 docui
681 2008 891 2128 ratione,
921 2046 1216 2146 cavereque,
1244 2044 1306 2106 ne
1332 2005 1652 2143 inlaqueeris.

360 2178 498 2281 Nam
522 2181 695 2299 vitare,
717 2180 894 2318 plagas
918 2181 971 2282 in
999 2183 1180 2282 amoris
1206 2219 1270 2281 ne
1295 2178 1555 2299 laciamur,

359 2348 413 2453 N
416 2390 482 2452 on
507 2353 577 2451 ita
603 2351 804 2452 difficile
830 2377 920 2475 est,
948 2392 1102 2494 quam
1129 2377 1331 2493 captum
1359 2351 1551 2454 retibus
1571 2355 1697 2491 ipsis

360 2522 532 2648 Exire,
559 2548 610 2625 et
632 2525 823 2627 validos
848 2524 1062 2629 Veneris
1087 2566 1414 2667 perrumpere
1440 2528 1614 2629 nodos.
1797 2514 1801 2519 ¹

430 2697 499 2799 Et
522 2722 690 2800 tamen
716 2700 990 2837 implicitus
1017 2742 1225 2842 quoque
1244 2702 1421 2842 possis,
1442 2703 1599 2839 inque
1625 2703 1848 2840 ped-itm,

346 2871 604 3011 ‚Effugere
629 2872 885 2997 infestum,
911 2877 1008 2991 nisi
1032 2899 1143 2977 tute
1167 2874 1261 2976 libi
1287 2874 1467 2976 obvius
1492 2874 1692 3001 obstes3
1852 2904 1857 2913 ‘

362 3044 432 3146 Et
457 3047 810 3183 praetermittas
836 3051 988 3148 animi
1014 3052 1140 3151 vitia·
1160 3052 1329 3151 omnia
1353 3048 1594 3185 primum,

360 3216 493 3320 Tum
521 3258 639 3358 quae
665 3221 886 3357 eorporis
912 3244 1030 3322 sunt
1056 3222 1181 3359 ejus,
1210 3260 1364 3361 quam
1391 3224 1630 3358 perpetis,
1658 3261 1715 3322 ac
1740 3224 1832 3324 vis,

363 3394 498 3496 Nam
526 3393 619 3496 hoe
645 3395 839 3496 faciunt
862 3391 1095 3495 homines
1109 3397 1413 3535 plerumque
1433 3397 1671 3534 cupidine
1691 3401 1813 3500 caeci
1830 3441 1845 3525 ;

362 3566 431 3669 Et
452 3567 686 3681 tribuunt
712 3605 771 3666 ea
804 3604 922 3705 quae
946 3607 1046 3669 non
1075 3593 1194 3670 sunt
1218 3568 1296 3669 his
1322 3568 1584 3670 commoda
1608 3610 1741 3673 vere.

363 3740 684 3843 Multimodis
710 3740 867 3880 igitur
889 3779 1069 3881 pravas
1088 3743 1384 3882 turpeisque
1410 3742 1640 3845 videmus

363 3916 486 4018 Esse
511 3917 564 4016 in
592 3915 800 4037 delicia,
827 3953 1125 4055 summoque
1150 3917 1201 4016 in
1228 3914 1419 4016 honore
1445 3919 1632 4055 vigere.

361 4092 536 4231 Atque
560 4091 681 4192 alios
706 4092 791 4191 alii
816 4090 1059 4211 inrident,
1078 4089 1432 4229 Veneremque
1458 4091 1679 4193 suadent

361 4264 437 4370 Ut
461 4267 681 4403 placent,
708 4264 948 4401 quoniam
967 4262 1102 4364 foedo
1128 4263 1453 4364 adflictantur
1477 4303 1663 4386 amore,

364 4439 418 4544 N
423 4480 478 4543 ec
504 4479 594 4542 sua
617 4438 897 4576 respiciunt
921 4437 1084 4537 miseri
1106 4436 1239 4536 mala
1261 4437 1481 4536 maxima
1505 4474 1655 4573 saepe.

363 4586 548 4755 Nigra,
573 4611 788 4752 μελῖχξοος
812 4635 916 4715 est:
956 4611 1219 4715 immunda
1243 4634 1298 4712 et
1320 4609 1510 4729 foetida,
1540 4607 1731 4741 ἄκοσμος·

364 4790 542 4914 Caesia,
569 4786 812 4888 παλλάδιον·
841 4826 1065 4908 nervosa,
1092 4811 1143 4889 et
1167 4788 1354 4926 lignea,
1380 4782 1533 4923 δορκάς·
1686 4774 1690 4781 ’

363 4963 591 5090 Parvola,
617 4964 847 5109 pumili0,
873 4960 1052 5108 >rapher
1074 4961 1137 5087 ἴα,
1164 4985 1272 5065 tota
1296 4999 1491 5063 merum
1517 4962 1620 5063 sal:
