4432 5984
716 368 987 459 LIBER
1048 365 1452 461 QUINTUS»
1518 444 1521 451 .
1753 365 1874 473 909·

359 622 600 765 Denique
617 625 726 766 jam
751 629 881 730 saltu
907 626 1102 766 pernici
1128 628 1305 729 tollere
1333 667 1517 767 corpus

358 797 498 920 Quid
521 803 652 939 potis
673 825 750 903 est
767 802 937 919 nobis,
967 803 1062 901 nisi
1082 806 1155 905 vis
1182 844 1299 945 quae
1316 807 1544 908 membra
1565 807 1868 947 gubernati,
1934 780 1942 789 .

356 975 389 1077 J
394 1016 541 1077 amne
567 979 708 1081 vides
734 1003 986 1118 quantum
1011 983 1180 1081 tenuis
1207 1005 1390 1082 natura
1414 983 1579 1083 valere

358 1148 655 1273 Possit,·ubi
681 1177 757 1255 est
783 1154 1051 1292 conjuncta
1075 1155 1215 1292 gravi
1243 1194 1359 1258 cum
1387 1195 1615 1294 corpore,
1639 1182 1699 1259 ut
1726 1164 1812 1260 aer

361 1322 677 1465 Conjunctus
703 1331 865 1448 terriS,
894 1350 946 1427 et
970 1328 1117 1429 nobis
1143 1353 1220 1430 est
1245 1330 1399 1431 animi
1423 1334 1529 1433 visl

432 1498 486 1600 N
490 1540 547 1602 ec
574 1504 729 1603 nimio
755 1505 871 1604 solis
898 1502 1057 1642 major
1080 1525 1206 1625 rota,
1233 1543 1326 1605 nee
1353 1506 1516 1606 minor
1541 1507 1692 1606 ardor

363 1672 486 1775 Esse
512 1698 694 1812 potest,
722 1674 912 1776 nostris
931 1714 1088 1814 quam
1115 1678 1343 1780 sensibus
1368 1719 1473 1779 esse
1500 1681 1715 1784 videtur.

361 1847 411 1951 N
418 1890 499 1951 am
527 1852 715 1988 quibus
740 1893 768 1953 e
793 1855 968 1992 spatiis
993 1891 1197 1992 cunque
1225 1856 1369 1992 ignes
1394 1856 1590 1956 lumina
1616 1838 1857 1994 possunt·⁴

360 2026 613 2165 Adjicere,
640 2052 691 2128 et
716 2031 936 2132 calidum
964 2030 1202 2132 membris
1229 2029 1418 2129 adllare
1443 2069 1699 2169 vaporem,

362 2200 458 2302 Illa
484 2205 592 2340 ipsa
617 2205 881 2308 intervalla
906 2207 1034 2308 nihil
1062 2208 1124 2308 de
1151 2241 1360 2342 corpore
1386 2204 1550 2306 libant

362 2376 720 2499 Flammarum,
748 2381 907 2482 nihilo
932 2382 996 2482 ad
1023 2382 1239 2520 speciem
1267 2403 1344 2481 est
1368 2383 1671 2482 contractior
1695 2384 1843 2521 ignis.

264 2665 274 2679 ,
360 2550 586 2655 Proinde
615 2557 750 2655 calor
775 2558 1015 2695 quoniam
1044 2557 1177 2676 solis,
1203 2555 1483 2694 lumenque
1508 2555 1776 2695 profusum

362 2728 673 2831 Perveniunt
697 2754 891 2832 nostros
917 2731 981 2831 ad
1009 2768 1200 2850 sensus,
1227 2754 1278 2831 et
1303 2731 1412 2862 loca
1436 2732 1662 2868 tingunt,

362 2903 543 3007 Forma
570 2944 775 3043 quoque
802 2905 921 3009 hinc
946 2907 1063 3008 solis
1089 2902 1243 3004 debet
1267 2903 1521 3044 filumque
1546 2903 1723 3026 videri,

362 3077 453 3180 Nil
481 3081 609 3181 adeo
637 3102 694 3179 ut
719 3081 877 3216 possis
903 3082 1034 3218 plus,
1062 3078 1342 3178 autminus
1368 3077 1556 3177 addere
1584 3115 1715 3181 vere.

435 3253 686 3394 Lunaque
713 3255 814 3355 sive
843 3254 998 3356 notho
1022 3254 1186 3354 fertur
1209 3254 1319 3355 loca
1342 3253 1534 3353 lumine
1561 3252 1797 3374 lustrans,

363 3428 478 3529 Sive
505 3466 648 3528 suam
674 3428 881 3566 proprio
900 3429 1061 3567 jactat
1086 3427 1148 3528 de
1176 3467 1385 3566 corpore
1412 3429 1596 3546 lucem,

366 3602 637 3742 Quidquid
664 3601 716 3701 id
744 3626 835 3723 est,
864 3602 1022 3704 nihilo
1049 3603 1212 3704 fertur
1237 3603 1423 3741 majore
1450 3601 1630 3739 figura,

364 3776 551 3899 Quam,
579 3777 761 3875 nostris
785 3779 952 3880 oculis,
969 3815 1074 3919 qua
1098 3777 1367 3898 cernimus,
1395 3813 1500 3876 esse
1525 3774 1742 3876 videtur.
1856 3855 1858 3859 a

365 3950 503 4054 Nam
529 3953 671 4089 prius
696 3953 881 4072 omnia,
910 3938 1028 4090 quae
1055 3952 1205 4091 longe
1224 3974 1423 4053 remota
1448 3973 1653 4050 tuemur

361 4128 498 4229 Ae'ra
522 4165 615 4265 per
641 4130 873 4247 multum,
902 4129 1067 4265 specie
1092 4129 1301 4230 confusa
1326 4125 1580 4244 videntur,

365 4303 535 4426 Quam
561 4304 825 4404 minimum
854 4304 996 4403 filum
1016 4344 1027 4406 ε
1068 4326 1383 4441 quapropter
1405 4301 1530 4431 ‚luna
1546 4337 1746 4427 necesse
1765 4324 1857 4422 est,

364 4479 797 4618 Quandoquidem
824 4480 1008 4581 claram
1035 4481 1251 4617 speciem
1279 4500 1573 4614 certamque
1600 4475 1817 4614 figuram

364 4654 584 4775 Praebet,
612 4678 671 4756 ut
696 4675 772 4754 est
795 4656 895 4754 oris
920 4655 1158 4757 extremis
1183 4691 1387 4792 cunque
1412 4674 1600 4772 notata,

317 4839 573 4961 'Quanta
598 4872 804 4975 quoque
824 4832 929 4935 haee
949 4832 1105 4954 fuvat,
1121 4853 1264 4931 tanta
1278 4827 1396 4930 hine
1415 4827 1648 4928 videatur
1665 4827 1717 4927 in
1738 4828 1854 4934 alto.
1976 4894 1978 4899 -
2132 4885 2138 4900 ·

430 5010 716 5132 Postremo,
744 5045 1078 5150 quoscunque
1100 5005 1242 5109 vides
1267 5004 1386 5106 hinc
1411 4999 1612 5104 aetheris
1637 5001 1814 5141 igneis,

1101 5193 1117 5241 2
1130 5196 1150 5237 Ι
