4432 5984
357 348 460 459 ³166
685 368 744 456 τ.
812 362 1240 455 Lucuuru
1306 363 1514 455 cnut

359 626 551 727 Partim
578 661 695 760 quae
719 622 867 721 variis
894 617 957 719 ab
985 618 1137 719 rebus
1161 658 1384 759 cumque
1410 621 1675 745 recedunt,

360 800 431 900 Et
457 839 573 938 quae
600 798 880 898 consistunt
904 832 966 893 ex
993 792 1173 892 horum
1199 792 1332 893 lacta
1355 794 1547 931 figuris.

362 973 501 1075 Nam
528 993 661 1072 certe
688 1008 751 1068 ex
777 969 888 1069 vivo
917 963 1160 1068 Centauri
1186 1005 1287 1066 non
1313 968 1373 1068 fit
1397 970 1594 1107 imag03

360 1145 524 1247 Nulla
548 1144 648 1243 fuit
673 1143 912 1279 quoniam
937 1139 1051 1237 talis
1077 1161 1258 1239 natura
1283 1143 1539 1243 animalis:

358 1320 553 1423 Verum
578 1315 667 1415 ubi
693 1315 830 1452 equi,
858 1336 1011 1449 atque
1037 1310 1253 1412 hominis
1278 1352 1395 1413 casu
1414 1315 1648 1416 convenit
1665 1316 1885 1459 imago,

361 1492 613 1595 Haerescit
637 1488 783 1589 facile
808 1487 1080 1623 extemplo,
1102 1488 1240 1627 quod
1269 1488 1489 1589 diximus
1508 1510 1640 1611 ante,

360 1665 579 1804 Propter
605 1661 841 1764 subtilem
867 1684 1101 1760 naturam
1128 1685 1178 1761 et
1203 1663 1376 1762 tenuia
1399 1685 1553 1764 texta.

434 1838 633 1939 Caetera
658 1836 721 1935 de
747 1873 931 1972 genere
957 1833 1051 1934 hoc
1076 1835 1250 1935 eadem
1277 1837 1468 1935 ratione
1493 1856 1743 1937 creentur
1757 1876 1777 1963 3

363 2011 495 2132 Quae
520 2050 636 2113 cum
661 2008 915 2109 mobiliter
941 2045 1134 2107 summa
1152 2009 1355 2109 levitate
1374 2009 1622 2131 feruntur,

359 2186 435 2291 Ut
460 2188 602 2323 prius
628 2183 841 2301 ostendi,
869 2180 1013 2280 facile
1039 2220 1141 2281 uno
1166 2205 1444 2281 commovet
1467 2184 1572 2283 ictu

362 2357 626 2477 Quaelibet
652 2394 754 2457 una
779 2356 1000 2454 animum
1028 2353 1172 2454 nobis
1197 2354 1394 2455 subtilis
1420 2358 1616 2493 imago:

360 2530 552 2635 Tenuis
579 2534 712 2631 enim
737 2566 878 2628 mens
903 2550 995 2646 est,
1023 2550 1075 2625 et
1098 2530 1223 2628 mire
1247 2528 1445 2629 mobilis
1464 2530 1586 2666 ipsa.

422 2705 548 2805 Haec
564 2705 670 2805 fieri
688 2705 775 2837 (ut
789 2702 1037 2835 memoro)
1054 2699 1199 2801 facile
1220 2702 1337 2803 hinc
1356 2740 1655 2841 cognoscere
1676 2708 1879 2841 possis,

362 2879 629 3000 Quatenus
654 2877 748 2978 hoc
775 2878 934 2977 simile
954 2900 1029 2975 est
1053 2877 1227 2997 oeulis,
1244 2878 1383 3015 quod
1412 2900 1579 2977 mente
1603 2876 1878 3003 videmus,

359 3060 533 3193 Atque
559 3053 715 3153 oculis
743 3051 891 3149 simili
917 3051 1026 3149 fieri
1052 3052 1244 3149 ratione
1270 3090 1467 3151 neeesse
1494 3073 1598 3152 est:

363 3226 523 3328 Nunc
548 3227 705 3362 igitur
731 3226 969 3362 quoniam
997 3223 1144 3323 docui
1172 3262 1251 3321 me
1277 3222 1404 3322 forte
1430 3224 1599 3323 leones

364 3398 582 3499 Cernere
608 3436 700 3534 per
724 3399 986 3545 simulacra
1004 3397 1175 3496 oculos
1202 3434 1524 3535 quaeeunque
1548 3399 1856 3529 lacessunt3

363 3574 502 3674 Seire
530 3574 646 3672 licet
671 3593 888 3671 mentem
919 3569 1068 3668 simili
1094 3571 1284 3668 ratione
1310 3570 1498 3668 moveri

363 3744 462 3847 Per
487 3745 751 3845 simulacra
775 3744 980 3842 leonum
1006 3766 1203 3863 caetera,
1232 3782 1350 3881 quae
1375 3743 1513 3842 videt
1538 3780 1708 3882 aeque,
1814 3788 1824 3799 ·

363 3918 476 4021 Nec
496 3921 678 4037 minus,
701 3939 855 4055 atque
875 3918 1023 4038 oculi,
1046 3918 1139 4016 nisi
1160 3918 1296 4055 quod
1317 3954 1463 4055 mage
1483 3920 1656 4017 tenuia
1673 3926 1875 4027 cernit.

434 4092 547 4194 Nec
572 4093 764 4192 ratione
790 4091 903 4210 alia,
930 4128 1084 4229 quoru
1111 4129 1313 4190 somnus
1338 4088 1564 4190 membra
1586 4090 1857 4227 profudit,

363 4266 514 4368 Mens
541 4267 693 4365 animi
718 4265 910 4403 vigilat,
939 4267 1032 4364 nisi
1061 4264 1197 4403 quod
1222 4265 1486 4364 simulacra
1509 4266 1773 4369 lacessunt

362 4440 490 4542 Haec
515 4440 691 4541 eadem
718 4461 911 4537 nostros
937 4440 1145 4558 animos,
1175 4478 1308 4578 quae,
1337 4476 1492 4576 quom
1516 4436 1835 4575 vigilamus;

366 4614 548 4753 Usque
576 4614 719 4728 adeo,
746 4636 879 4712 certe
904 4636 965 4713 ut
987 4614 1247 4713 videamur
1271 4650 1474 4712 cernere
1499 4650 1633 4733 eum,
1659 4650 1844 4755 quem

362 4788 584 4889 Reddita
609 4789 709 4887 vita
726 4788 831 4924 jam
860 4825 994 4886 mors
1019 4809 1070 4885 et
1094 4810 1228 4886 terra
1246 4788 1407 4923 potita
1426 4808 1515 4887 est.

364 4962 478 5065 Hoc
503 4963 617 5063 ideo
643 4962 752 5062 fieri
780 4962 916 5099 cogit
940 4983 1137 5083 natura,
1165 4957 1307 5099 quod
1334 4984 1505 5061 omnes
