4432 5984
282 379 390 472 aas
631 373 1434 469 r.nue1tnr11cna1
1600 365 1601 368 ψ
1747 302 1750 309 ’

290 638 664 777 Intempestivis
692 637 997 776 pluviisque,
1025 659 1077 737 et
1101 634 1290 774 solibus
1313 637 1427 738 icta.

290 811 479 917 Nonne
504 814 643 914 vides
669 815 821 913 etiarn
848 810 960 911 coeli
985 811 1221 931 novitate,
1243 835 1296 913 et
1320 849 1569 950 aquarum

158 1098 161 1103 ,
286 987 512 1110 Tentari,
538 989 713 1127 procul
742 1024 771 1086 a
794 986 959 1124 patria
984 987 1281 1124 quicunque
1307 957 1560 1124 domoque

289 1160 616 1265 Adveniuntl
654 1162 768 1263 ideo
795 1161 918 1300 quia
942 1142 1374 1300 longediscrepat
1398 1164 1499 1261 aer.
1623 1163 1625 1169 ’

290 1333 429 1437 Nam
456 1335 593 1477 quid
610 1333 910 1438 Brittanidis
936 1337 1115 1438 coelum
1143 1334 1345 1437 differre
1370 1358 1627 1472 putamus,

277 1505 361 1653 ¹Et
385 1510 524 1649 quod
551 1511 605 1610 in
628 1509 862 1649 AEgypto
888 1533 979 1632 est,
1007 1547 1110 1648 qua
1135 1486 1313 1611 mundi
1340 1511 1591 1612 claudicat
1614 1511 1755 1637 axis?

292 1682 496 1825 Quidve
524 1685 664 1824 quod
692 1688 745 1786 in
774 1685 938 1787 Ponto
964 1707 1040 1787 est
1065 1683 1268 1786 differre
1294 1724 1323 1785 a
1350 1683 1598 1806 Gadibus,
1626 1709 1782 1826 atque

291 1859 470 2002 Usque
497 1862 561 1962 ad
586 1864 733 2000 nigra
756 1863 936 1981 virdm,
962 1861 1300 2001 percoctaque
1327 1862 1473 1962 saecla
1498 1862 1692 1963 calore?
1757 1862 1760 1873 ’

139 2044 142 2049 “
292 2033 428 2156 Quae
453 2077 606 2178 quom
635 2060 855 2176 quatuor
878 2035 1012 2134 inter
1035 2073 1087 2136 se
1113 2036 1308 2139 diversa
1327 2035 1570 2156 videmus,

293 2210 529 2333 Quatnor
554 2251 584 2312 a
607 2211 784 2333 ventis,
812 2233 864 2311 et
889 2210 997 2310 coeli
1027 2210 1256 2348 partibus
1283 2247 1407 2330 esse,

288 2384 421 2487 Tum
449 2388 585 2511 color
611 2408 662 2488 et
685 2385 837 2488 facies
863 2382 1127 2485 hominum
1154 2384 1338 2521 distare
1364 2383 1603 2485 videntur

293 2558 543 2700 Largitur,
571 2584 623 2661 et
647 2560 807 2663 morbi
836 2563 1116 2702 generatim
1142 2561 1288 2661 saecla
1314 2584 1501 2664 tenere.

360 2735 454 2838 Est
479 2736 683 2875 elephas
711 2737 935 2857 morbus,
965 2738 1060 2876 qui
1081 2756 1292 2873 propter
1317 2735 1529 2834 flumina
1556 2732 1667 2836 Nili

295 2907 540 3044 Gignitur
563 2909 795 3048 AEgypto
821 2913 870 3009 in
893 2909 1075 3029 media,
1095 2947 1263 3047 neque
1281 2926 1528 3045 praeterea
1548 2935 1778 3047 usquam.

243 3062 246 3073 ⁵
361 3084 573 3185 Atthide
600 3062 868 3188 tentantur.
886 3120 1100 3220 gressus,
1128 3083 1366 3220 oculique
1382 3087 1443 3219 in
1469 3086 1669 3189 Achaeis

294 3256 521 3378 Finibus,
549 3257 668 3357 inde
694 3257 803 3357 aliis
828 3256 956 3356 alius
979 3255 1118 3354 locus
1144 3277 1218 3354 est
1246 3257 1478 3359 inimicus

294 3429 547 3550 Partibus
575 3469 631 3531 ac
657 3428 925 3530 membris:
964 3432 1131 3531 varius
1157 3434 1425 3535 concinnat
1448 3437 1499 3536 id
1527 3441 1627 3539 aer.

363 3604 584 3705 Proinde
614 3604 698 3705 ubi
726 3642 776 3704 se
796 3607 995 3727 coelum,
1018 3608 1155 3745 quod
1183 3609 1328 3710 nobis
1352 3610 1486 3710 forte
1512 3650 1779 3733 venenum,

296 3777 607 3897 Commovet,
635 3800 789 3916 atque
815 3783 901 3879 aiir
925 3780 1157 3882 inimicus
1183 3821 1383 3921 serpere
1405 3789 1587 3921 coepit:

232 4042 238 4055 .
292 3952 369 4055 Ut
394 3952 582 4054 nebula
606 3992 661 4053 ac
687 3951 849 4053 nubes
876 3955 1142 4092 paullatim
1167 3959 1315 4096 repit,
1344 3982 1395 4059 et
1420 3999 1570 4062 omne

295 4124 414 4246 Qua
437 4127 674 4263 graditur
697 4127 982 4248 conturbat,
1010 4153 1061 4230 et
1084 4134 1350 4234 immutare
1377 4158 1585 4237 ooactat.
1684 4110 1687 4115 ἱ
1729 4140 1734 4149 ’

296 4299 378 4400 Fit
428 4338 653 4439 quoque,
704 4323 763 4400 ut
804 4301 867 4399 in·
900 4326 1130 4404 nostrum
1175 4345 1332 4445 quom
1387 4311 1524 4410 venit
1561 4310 1783 4450 denique

435 4475 631 4596 coelum,
1624 4598 1627 4602 Α

297 4647 618 4787 Corrumpat,
646 4649 930 4791 reddatque
956 4654 1030 4754 sui
1060 4655 1236 4776 simile,
1265 4680 1421 4796 atque
1449 4658 1685 4762 alionum.

303 4896 309 4902 -
366 4819 494 4922 Haec
520 4823 677 4960 igitur
703 4823 870 4925 subito
896 4828 1062 4929 clades
1088 4870 1231 4953 nova,
1258 4834 1623 4973 pestilitasque,

192 5115 194 5120 Ι
293 4998 401 5100 Aut
425 5000 476 5099 in
504 5035 662 5139 aquas
682 5000 833 5123 cadit,
855 5027 942 5105 aut
961 5003 1133 5146 fruges
1145 5007 1365 5145 ‚persidit
1384 5010 1435 5111 in
1456 5011 1608 5148 ipsas,
1744 5022 1752 5117 j
