4432 5984
634 314 636 318 ‘
694 313 1003 432 “nruun‘
1042 293 1512 439 sncuuous.
1746 320 1858 477 '269

359 598 435 702 Ut
459 601 616 700 vitare
642 601 816 733 velint,
842 610 968 703 neve
993 603 1100 704 ullo
1129 624 1352 743 ternpore
1377 607 1602 726 credant,

360 776 589 876 Subdola
614 785 770 916 quom
795 778 928 880 ridet
951 780 1139 916 placidi
1165 781 1376 917 pellacia
1400 783 1573 919 ponti:

362 953 445 1055 Sic
464 953 558 1054 tibi
585 955 625 1054 si
651 952 795 1056 finita
820 955 975 1054 semel
999 954 1278 1092 primordia
1302 957 1541 1094 quaedam

362 1127 668 1254 Constitnes,
695 1170 856 1234 aevom
874 1129 1137 1232 debebunt
1162 1169 1334 1269 sparsa
1351 1169 1445 1268 per
1468 1169 1617 1231 omne

361 1303 641 1444 Disjectare
667 1330 819 1408 aestus
845 1306 1028 1408 diversi
1047 1311 1305 1432 materiai,
1468 1328 1472 1335 “

360 1477 643 1620 Nunquam
665 1484 715 1582 in
738 1482 1005 1582 concilium
1033 1506 1091 1582 ut
1114 1482 1309 1620 possint
1332 1482 1593 1618 compulsa
1617 1483 1764 1603 coire,

360 1654 412 1758 N
418 1696 474 1757 ec
499 1657 741 1758 remorari
765 1658 817 1756 in
843 1657 1070 1776 concilio,
1097 1696 1191 1758 nec
1216 1694 1436 1770 crescere
1463 1655 1690 1758 adaucta.

301 1837 305 1846 ’
360 1831 593 1953 Quorum
620 1854 897 1970 utrumque
924 1833 1091 1968 palam
1116 1832 1226 1931 fieri
1252 1829 1517 1932 manifesta
1542 1830 1692 1931 docet
1715 1870 1809 1972 res,

358 2005 429 2108 Et
453 2046 531 2108 res
555 2009 812 2146 progigni,
839 2031 892 2107 et
914 2009 1111 2146 genitas
1130 2043 1446 2144 procrescere
1473 2043 1647 2142 posse:
1787 2096 1790 2103 .

358 2178 482 2281 Esse
509 2182 666 2319 igitur
689 2187 874 2319 genere
900 2183 953 2282 in
980 2183 1157 2320 quovis
1181 2180 1463 2318 primordia
1486 2197 1671 2287 rerum'
1738 2195 1743 2205 ’

248 2443 250 2450 ,
360 2354 569 2458 Infinita
592 2356 761 2493 palam
786 2380 877 2476 est,
906 2357 1042 2457 unde
1068 2357 1238 2458 omnia
1262 2353 1671 2492 suppeditantur,

430 2529 545 2632 Nec
571 2540 810 2669 superare
830 2557 1029 2671 queunt
1053 2557 1217 2634 motus
1244 2534 1423 2670 utique
1448 2531 1677 2632 exitiales
1736 2608 1737 2612 κ

358 2705 633 2844 Perpetu0,
660 2743 830 2844 neque
856 2708 905 2807 in
936 2731 1184 2810 aeternum
1209 2707 1422 2846 sepelire
1442 2707 1686 2829 salutem.;

360 2879 475 2982 Nec
500 2918 653 3018 porro
676 2919 846 2981 rerum
871 2884 1117 3021 genitales
1142 2881 1465 3019 auctificique
1585 2998 1590 3012 ⁶
1663 2891 1667 2900 '

359 3053 536 3156 Motus
554 3053 1259 3195 perpetuopossuntjservare
1284 3078 1488 3157 creata..
1607 3024 1615 3055 ‹

360 3232 442 3333 Sic
463 3270 615 3371 aequo
639 3234 838 3369 geritur
851 3232 1123 3333 certamine
1145 3218 1515 3369 principiorum

359 3405 442 3508 Ex
464 3408 661 3545 infinito
687 3429 1001 3508 contractum
1026 3428 1253 3543 ternpore
1278 3400 1468 3541 bellum
1490 3386 1518 3504 :3
1682 3401 1684 3405 ⁷

360 3581 519 3684 Nunc
544 3581 641 3704 hlc,
668 3621 805 3724 nunc
830 3584 933 3684 illic
958 3567 1396 3721 superant'v'italia
1413 3580 1605 3700 rerum,
1643 3574 1645 3579 ’
1676 3546 1688 3561 ’ὗ

359 3755 430 3858 Et
454 3781 759 3895 superantur
778 3759 928 3881 item3
968 3756 1208 3859 miscetur
1229 3747 1407 3888 funere
1432 3742 1589 3899 vagor
1609 3736 1612 3741 ‚
1672 3743 1681 3755 ’
1708 3773 1713 3780 ’
1738 3773 1756 3852 f

359 3931 528 4053 Quem
553 3933 700 4069 pueri
724 3931 912 4034 tollunt
935 3935 1151 4034 visentes
1177 3918 1383 4071 luminis
1403 3970 1548 4067 oras:
1631 3911 1657 3936 '¹

359 4109 410 4211 Ν
416 4149 472 4210 ec
498 4148 601 4208 nox
629 4108 733 4208 ulla
756 4106 908 4226 diem,
936 4145 1103 4246 neque
1128 4129 1328 4239 noctem
1354 4090 1536 4207 aurora
1561 4129 1731 4208 secuta
1756 4128 1848 4227 est,

359 4284 492 4405 Quae
517 4323 619 4383 non
645 4282 864 4384 audierit
886 4285 1059 4413 mistos
1084 4282 1337 4422 vagitibus
1361 4281 1511 4418 aegris
1575 4373 1579 4380 .

357 4459 608 4580 Ploratus,
635 4460 809 4559 mortis
828 4460 1051 4580 comites,
1078 4480 1130 4558 et
1153 4458 1345 4560 funeris
1370 4461 1483 4562 atri.
1615 4446 1616 4450 Ὺ

428 4633 565 4735 lllud
594 4635 652 4734 in·
669 4631 750 4733 his
775 4630 1100 4769 obsignatum
1127 4669 1336 4770 quoque
1353 4633 1507 4736 rebus
1532 4633 1731 4743 habere

359 4809 625 4926 Convenit,
652 4829 712 4906 et·
730 4807 941 4906 memori
964 4807 1260 4908 mandatum
1286 4817 1456 4909 mente
1480 4819 1682 4910 tenere:
1819 4782 1821 4787 ,

357 4982 451 5087 Nil
475 5021 582 5084 esse
607 4984 658 5084 in
684 4988 946 5122 promptu,¹
974 4987 1192 5121 quorum
1217 4992 1400 5086 natura
1422 4988 1641 5106 tenetur,¹
1672 4996 1699 5075 1
