4432 5984
383 328 487 431 936
725 337 786 427 Τ.
838 334 1264 443 LUCRETII
1313 330 1524 423 CARI

382 597 560 736 Atque
584 597 878 697 lacunarum
904 595 1106 695 fuerant
1129 592 1340 729 vestigia
1364 592 1620 731 quoique:

381 768 514 869 Tum
542 768 843 907 penetrabat
868 808 967 889 eos,
995 805 1140 906 posse
1167 763 1275 866 baec
1300 764 1575 903 liquefacta
1599 765 1781 885 calore,

383 941 683 1062 Quamlibet
708 946 760 1044 in
786 944 998 1043 formam
1025 964 1077 1041 et
1100 940 1279 1069 faciem
1309 939 1575 1040 decurrere
1600 977 1793 1060 rerum,

384 1113 452 1215 Et
478 1154 708 1252 prorsum
729 1119 957 1255 quamvis
983 1118 1034 1215 iu
1062 1135 1209 1215 acuta
1233 1151 1289 1213 ac
1314 1114 1490 1213 tenuia
1515 1152 1673 1251 posse·

383 1287 693 1390 Mucronum
721 1292 838 1391 duci
863 1290 1064 1426 fastigia
1089 1285 1448 1425 procudend03

378 1461 455 1567 Ut
480 1463 574 1564 sibi
600 1467 701 1565 tela
724 1488 921 1602 parent,
950 1464 1217 1603 sylvasque
1244 1464 1476 1564 excidere
1502 1468 1715 1602 possint,

379 1635 650 1738 Materiem
675 1641 875 1758 laevare,
902 1637 1089 1756 dolare,
1117 1673 1173 1736 ac
1199 1638 1377 1738 radere
1403 1640 1561 1777 tigna,

377 1807 448 1910 Et
472 1811 725 1912 terebrare
752 1813 919 1930 etiam,
940 1849 996 1908 ac
1021 1809 1345 1945 pertundere,
1373 1850 1568 1951 perque
1594 1813 1774 1916 forare.

378 1981 493 2084 Nec
521 1988 685 2085 minus
712 2006 921 2123 argento
948 1983 1110 2083 facere
1136 1981 1246 2084 haec
1272 2022 1499 2125 auroque
1525 1987 1793 2124 parabant,

380 2154 549 2281 Quam
574 2159 726 2258 validi
752 2159 974 2295 primum
999 2157 1230 2257 violentis
1255 2157 1447 2260 viribus
1472 2163 1614 2263 aeris:
1750 2122 1755 2132 .

379 2329 751 2471 Nequidquam
771 2375 783 2456 ;
823 2332 1064 2471 quoniam
1092 2328 1307 2431 cedebat
1329 2332 1461 2433 victa
1485 2356 1723 2470 potestas

376 2504 490 2606 Nec
515 2528 716 2642 poterat
739 2507 929 2642 pariter
954 2502 1140 2601 durum
1167 2503 1374 2605 sufferre
1400 2505 1641 2608 laborem.

377 2677 515 2779 Nam
543 2680 638 2779 fuit
666 2683 717 2779 in
744 2681 908 2816 pretio
934 2680 1093 2816 magis
1120 2718 1206 2799 aes,
1230 2716 1517 2816 aurumque
1534 2681 1739 2818 jacebat

374 2850 594 2991 Propter
619 2855 943 2953 inutilitatem
971 2852 1141 2953 hebeti
1166 2891 1407 2954 mucrone
1432 2876 1656 2954 retusum
1670 2894 1685 2978 ;

375 3024 427 3126 N
434 3066 530 3127 unc
542 3028 679 3164 jacet
694 3065 780 3144 aes,
796 3064 975 3125 aurum
991 3028 1043 3126 in
1065 3068 1318 3131 summum
1335 3032 1570 3130 successit
1589 3029 1854 3135 honorem:

375 3197 457 3300 Sic
482 3199 729 3299 volvenda
753 3217 873 3298 retas
899 3200 1175 3302 commutat
1198 3226 1427 3339 tempora
1452 3240 1648 3304 rerum:

376 3370 529 3491 Quod
560 3374 657 3472 fuit
682 3375 734 3472 in
760 3375 924 3509 pretio
952 3376 1008 3473 fit
1033 3377 1174 3474 nullo
1201 3376 1423 3513 denique
1449 3374 1671 3501 honore;
1810 3452 1815 3458 -

373 3547 531 3648 Porro
558 3550 694 3649 aliud
724 3549 962 3668 succedit,
990 3571 1041 3648 et
1065 3588 1092 3648 e
1118 3548 1491 3685 contemptibus
1517 3551 1641 3669 exit,

371 3721 536 3861 Inque
564 3725 669 3823 dies
695 3724 855 3861 magis
881 3725 1155 3860 appetitur,
1181 3723 1433 3859 floretque
1458 3746 1720 3860 repertum

370 3899 648 4021 Laudibus
670 3924 721 3999 ct
745 3903 872 3999 miro
898 3921 973 3997 est
998 3895 1252 3996 mortaleis
1279 3895 1411 3994 inter
1436 3894 1648 4000 honore.

439 4073 595 4174 Nunc
624 4074 716 4172 tibi
743 4112 847 4212 quo
873 4095 1021 4209 pacto
1047 4071 1167 4170 ferri
1194 4092 1375 4170 natura
1401 4094 1605 4206 reperta

274 4262 278 4270 ’
370 4243 465 4365 Sit,
490 4246 634 4344 facile
661 4268 736 4345 est
760 4247 926 4382 ipsum
952 4284 1045 4384 per
1069 4268 1119 4345 te
1146 4282 1462 4381 cognoscere,
1493 4243 1728 4348 Memmi.
1776 4315 1779 4321 ·

364 4419 521 4517 Arma
547 4420 774 4555 antiqua,
802 4456 995 4540 manua,
1023 4452 1237 4556 ungues,
1265 4420 1544 4558 dentesque
1570 4421 1802 4543 fuerunt,

366 4592 435 4692 Et
460 4594 670 4728 lapides
699 4615 750 4692 et
775 4595 893 4692 item
922 4595 1173 4732 sylvarum
1200 4593 1450 4732 fragmina
1474 4597 1614 4714 rami,

362 4767 430 4867 Et
442 4769 1277 4908 llaminae,a·tqucignes,postquam
1288 4769 1864 4908 suntcognitaprimum:

362 4941 617 5043 Posterius
643 4941 763 5041 ferri
787 4944 860 5043 vis
886 4964 962 5042 est
985 4942 1201 5081 aerisque
1226 4966 1459 5081 reperta:
