<?xml version="1.0" encoding="UTF-8"?>
<!DOCTYPE html PUBLIC "-//W3C//DTD XHTML 1.0 Transitional//EN"
    "http://www.w3.org/TR/xhtml1/DTD/xhtml1-transitional.dtd">
<html xmlns="http://www.w3.org/1999/xhtml" xml:lang="en" lang="en">
 <head>
  <title>
</title>
<meta http-equiv="Content-Type" content="text/html;charset=utf-8" />
  <meta name='ocr-system' content='tesseract 3.04.00' />
  <meta name='ocr-capabilities' content='ocr_page ocr_carea ocr_par ocr_line ocrx_word'/>
</head>
<body>
  <div class='ocr_page' id='page_1' title='image "./tlucretiicaride01carugoog_0265.png"; bbox 0 0 4432 5984; ppageno 0'>
   <div class='ocr_carea' id='block_1_1' title="bbox 765 308 1888 423">
    <p class='ocr_par' dir='ltr' id='par_1_1' title="bbox 765 308 1888 423">
     <span class='ocr_line' id='line_1_1' title="bbox 765 308 1888 423; baseline 0.013 -17"><span class='ocrx_word' id='word_1_1' title='bbox 765 318 1042 408; x_wconf 80' lang='lat' dir='ltr'>urana</span> <span class='ocrx_word' id='word_1_2' title='bbox 1106 319 1453 414; x_wconf 74' lang='lat' dir='ltr'>saurus.</span> <span class='ocrx_word' id='word_1_3' title='bbox 1747 308 1888 423; x_wconf 80' lang='lat' dir='ltr'>aaa·</span> 
     </span>
    </p>
   </div>
   <div class='ocr_carea' id='block_1_2' title="bbox 355 580 1848 4925">
    <p class='ocr_par' dir='ltr' id='par_1_2' title="bbox 357 580 1710 896">
     <span class='ocr_line' id='line_1_2' title="bbox 357 580 1694 723; baseline 0.003 -40"><span class='ocrx_word' id='word_1_4' title='bbox 357 580 662 720; x_wconf 86' lang='lat' dir='ltr'>Barbigeras</span> <span class='ocrx_word' id='word_1_5' title='bbox 687 581 902 681; x_wconf 83' lang='lat' dir='ltr'>oleaster</span> <span class='ocrx_word' id='word_1_6' title='bbox 927 620 986 684; x_wconf 92' lang='lat' dir='ltr'>eo</span> <span class='ocrx_word' id='word_1_7' title='bbox 1004 581 1152 720; x_wconf 88' lang='lat' dir='ltr'>juvat</span> <span class='ocrx_word' id='word_1_8' title='bbox 1175 622 1338 722; x_wconf 86' lang='lat' dir='ltr'>usque</span> <span class='ocrx_word' id='word_1_9' title='bbox 1364 587 1597 723; x_wconf 87' lang='lat' dir='ltr'>capellas,</span> <span class='ocrx_word' id='word_1_10' title='bbox 1692 666 1694 672; x_wconf 21' lang='lat'>³</span> 
     </span>
     <span class='ocr_line' id='line_1_3' title="bbox 357 753 1710 896; baseline 0.007 -39"><span class='ocrx_word' id='word_1_11' title='bbox 357 753 574 858; x_wconf 88' lang='lat' dir='ltr'>Diffluat</span> <span class='ocrx_word' id='word_1_12' title='bbox 598 754 849 856; x_wconf 89' lang='lat' dir='ltr'>ambrosia</span> <span class='ocrx_word' id='word_1_13' title='bbox 875 760 1018 896; x_wconf 82' lang='lat' dir='ltr'>quasi</span> <span class='ocrx_word' id='word_1_14' title='bbox 1043 797 1162 860; x_wconf 89' lang='lat' dir='ltr'>vero</span> <span class='ocrx_word' id='word_1_15' title='bbox 1189 781 1240 858; x_wconf 91' lang='lat' dir='ltr'>et</span> <span class='ocrx_word' id='word_1_16' title='bbox 1264 783 1467 861; x_wconf 81' lang='lat' dir='ltr'>nectare</span> <span class='ocrx_word' id='word_1_17' title='bbox 1491 763 1710 866; x_wconf 89' lang='lat' dir='ltr'>tinctus:</span> 
     </span>
    </p>

    <p class='ocr_par' dir='ltr' id='par_1_3' title="bbox 355 931 1848 1602">
     <span class='ocr_line' id='line_1_4' title="bbox 355 931 1828 1075; baseline 0.004 -40"><span class='ocrx_word' id='word_1_18' title='bbox 355 935 427 1035; x_wconf 91' lang='lat' dir='ltr'>At</span> <span class='ocrx_word' id='word_1_19' title='bbox 451 934 578 1037; x_wconf 86' lang='lat' dir='ltr'><strong>nihil</strong></span> <span class='ocrx_word' id='word_1_20' title='bbox 606 958 682 1036; x_wconf 88' lang='lat' dir='ltr'>est</span> <span class='ocrx_word' id='word_1_21' title='bbox 706 934 899 1035; x_wconf 91' lang='lat' dir='ltr'>homini</span> <span class='ocrx_word' id='word_1_22' title='bbox 919 931 1104 1035; x_wconf 89' lang='lat' dir='ltr'>frunde</span> <span class='ocrx_word' id='word_1_23' title='bbox 1131 931 1223 1034; x_wconf 89' lang='lat' dir='ltr'>hac</span> <span class='ocrx_word' id='word_1_24' title='bbox 1245 935 1383 1072; x_wconf 89' lang='lat' dir='ltr'>quod</span> <span class='ocrx_word' id='word_1_25' title='bbox 1405 938 1623 1075; x_wconf 88' lang='lat' dir='ltr'>amarius</span> <span class='ocrx_word' id='word_1_26' title='bbox 1649 960 1828 1043; x_wconf 84' lang='lat' dir='ltr'>exstet.</span> 
     </span>
     <span class='ocr_line' id='line_1_5' title="bbox 357 1106 1730 1251; baseline 0.003 -40"><span class='ocrx_word' id='word_1_27' title='bbox 357 1106 600 1251; x_wconf 88' lang='lat' dir='ltr'>Denique</span> <span class='ocrx_word' id='word_1_28' title='bbox 628 1111 967 1212; x_wconf 84' lang='lat' dir='ltr'>amaracinum</span> <span class='ocrx_word' id='word_1_29' title='bbox 992 1108 1182 1247; x_wconf 85' lang='lat' dir='ltr'>fugitat</span> <span class='ocrx_word' id='word_1_30' title='bbox 1208 1147 1307 1230; x_wconf 89' lang='lat' dir='ltr'>sus,</span> <span class='ocrx_word' id='word_1_31' title='bbox 1336 1132 1387 1209; x_wconf 91' lang='lat' dir='ltr'>et</span> <span class='ocrx_word' id='word_1_32' title='bbox 1410 1110 1556 1211; x_wconf 87' lang='lat' dir='ltr'>timet</span> <span class='ocrx_word' id='word_1_33' title='bbox 1580 1151 1730 1215; x_wconf 91' lang='lat' dir='ltr'>omne</span> 
     </span>
     <span class='ocr_line' id='line_1_6' title="bbox 356 1282 1848 1445; baseline 0.001 -57"><span class='ocrx_word' id='word_1_34' title='bbox 356 1285 726 1426; x_wconf 85' lang='lat' dir='ltr'>Unguentum3</span> <span class='ocrx_word' id='word_1_35' title='bbox 753 1324 887 1445; x_wconf 79' lang='lat' dir='ltr'>narp.</span> <span class='ocrx_word' id='word_1_36' title='bbox 911 1285 1139 1422; x_wconf 86' lang='lat' dir='ltr'>setigeris</span> <span class='ocrx_word' id='word_1_37' title='bbox 1164 1282 1323 1386; x_wconf 90' lang='lat' dir='ltr'>subus</span> <span class='ocrx_word' id='word_1_38' title='bbox 1348 1323 1460 1385; x_wconf 91' lang='lat' dir='ltr'>acre</span> <span class='ocrx_word' id='word_1_39' title='bbox 1479 1325 1730 1389; x_wconf 87' lang='lat' dir='ltr'>venenum</span> <span class='ocrx_word' id='word_1_40' title='bbox 1756 1311 1848 1411; x_wconf 88' lang='lat' dir='ltr'>est,</span> 
     </span>
     <span class='ocr_line' id='line_1_7' title="bbox 359 1454 1671 1602; baseline -0.001 -36"><span class='ocrx_word' id='word_1_41' title='bbox 359 1463 514 1586; x_wconf 84' lang='lat' dir='ltr'>Quod</span> <span class='ocrx_word' id='word_1_42' title='bbox 541 1504 631 1565; x_wconf 90' lang='lat' dir='ltr'>nos</span> <span class='ocrx_word' id='word_1_43' title='bbox 657 1464 915 1565; x_wconf 91' lang='lat' dir='ltr'>interdum</span> <span class='ocrx_word' id='word_1_44' title='bbox 942 1454 1186 1602; x_wconf 87' lang='lat' dir='ltr'>tanquam</span> <span class='ocrx_word' id='word_1_45' title='bbox 1212 1498 1436 1562; x_wconf 89' lang='lat' dir='ltr'>recreare</span> <span class='ocrx_word' id='word_1_46' title='bbox 1455 1463 1671 1566; x_wconf 88' lang='lat' dir='ltr'>videtur.</span> 
     </span>
    </p>

    <p class='ocr_par' dir='ltr' id='par_1_4' title="bbox 355 1637 1743 2090">
     <span class='ocr_line' id='line_1_8' title="bbox 355 1637 1572 1777; baseline -0.002 -34"><span class='ocrx_word' id='word_1_47' title='bbox 355 1643 428 1743; x_wconf 90' lang='lat' dir='ltr'>At</span> <span class='ocrx_word' id='word_1_48' title='bbox 453 1663 627 1742; x_wconf 88' lang='lat' dir='ltr'>contra</span> <span class='ocrx_word' id='word_1_49' title='bbox 651 1637 797 1740; x_wconf 88' lang='lat' dir='ltr'>nobis</span> <span class='ocrx_word' id='word_1_50' title='bbox 823 1676 1022 1739; x_wconf 88' lang='lat' dir='ltr'>coenum</span> <span class='ocrx_word' id='word_1_51' title='bbox 1047 1640 1306 1739; x_wconf 85' lang='lat' dir='ltr'>teterrima</span> <span class='ocrx_word' id='word_1_52' title='bbox 1326 1677 1482 1777; x_wconf 94' lang='lat' dir='ltr'>quom</span> <span class='ocrx_word' id='word_1_53' title='bbox 1508 1642 1572 1740; x_wconf 90' lang='lat' dir='ltr'>sit</span> 
     </span>
     <span class='ocr_line' id='line_1_9' title="bbox 359 1807 1743 1951; baseline 0.001 -34"><span class='ocrx_word' id='word_1_54' title='bbox 359 1811 654 1951; x_wconf 86' lang='lat' dir='ltr'>Spurcities‚</span> <span class='ocrx_word' id='word_1_55' title='bbox 680 1812 856 1913; x_wconf 89' lang='lat' dir='ltr'>eadem</span> <span class='ocrx_word' id='word_1_56' title='bbox 883 1807 1039 1911; x_wconf 91' lang='lat' dir='ltr'>subus</span> <span class='ocrx_word' id='word_1_57' title='bbox 1068 1808 1175 1912; x_wconf 87' lang='lat' dir='ltr'>haec</span> <span class='ocrx_word' id='word_1_58' title='bbox 1200 1849 1279 1911; x_wconf 89' lang='lat' dir='ltr'>res</span> <span class='ocrx_word' id='word_1_59' title='bbox 1306 1812 1500 1916; x_wconf 89' lang='lat' dir='ltr'>munda</span> <span class='ocrx_word' id='word_1_60' title='bbox 1523 1814 1743 1938; x_wconf 87' lang='lat' dir='ltr'>videtur,</span> 
     </span>
     <span class='ocr_line' id='line_1_10' title="bbox 358 1983 1446 2090; baseline 0 -1"><span class='ocrx_word' id='word_1_61' title='bbox 358 1984 719 2090; x_wconf 87' lang='lat' dir='ltr'>Insatiabiliter</span> <span class='ocrx_word' id='word_1_62' title='bbox 744 1986 835 2085; x_wconf 91' lang='lat' dir='ltr'>toti</span> <span class='ocrx_word' id='word_1_63' title='bbox 863 2008 923 2087; x_wconf 91' lang='lat' dir='ltr'>ut</span> <span class='ocrx_word' id='word_1_64' title='bbox 947 1983 1216 2088; x_wconf 84' lang='lat' dir='ltr'>volvantur</span> <span class='ocrx_word' id='word_1_65' title='bbox 1240 1986 1446 2090; x_wconf 90' lang='lat' dir='ltr'>ibidem.</span> 
     </span>
    </p>

    <p class='ocr_par' dir='ltr' id='par_1_5' title="bbox 358 2159 1807 3683">
     <span class='ocr_line' id='line_1_11' title="bbox 429 2159 1677 2299; baseline 0.001 -35"><span class='ocrx_word' id='word_1_66' title='bbox 429 2160 544 2264; x_wconf 91' lang='lat' dir='ltr'>Hoc</span> <span class='ocrx_word' id='word_1_67' title='bbox 570 2163 721 2261; x_wconf 87' lang='lat' dir='ltr'>etiam</span> <span class='ocrx_word' id='word_1_68' title='bbox 747 2181 994 2299; x_wconf 84' lang='lat' dir='ltr'>superest,</span> <span class='ocrx_word' id='word_1_69' title='bbox 1022 2159 1132 2296; x_wconf 91' lang='lat' dir='ltr'>ipsa</span> <span class='ocrx_word' id='word_1_70' title='bbox 1158 2198 1312 2298; x_wconf 92' lang='lat' dir='ltr'>quam</span> <span class='ocrx_word' id='word_1_71' title='bbox 1339 2161 1507 2263; x_wconf 88' lang='lat' dir='ltr'>dicere</span> <span class='ocrx_word' id='word_1_72' title='bbox 1533 2163 1597 2264; x_wconf 93' lang='lat' dir='ltr'>de</span> <span class='ocrx_word' id='word_1_73' title='bbox 1623 2201 1677 2265; x_wconf 88' lang='lat' dir='ltr'>re</span> 
     </span>
     <span class='ocr_line' id='line_1_12' title="bbox 358 2330 1675 2474; baseline 0.004 -38"><span class='ocrx_word' id='word_1_74' title='bbox 358 2330 664 2473; x_wconf 86' lang='lat' dir='ltr'>Adgredior‚</span> <span class='ocrx_word' id='word_1_75' title='bbox 694 2335 835 2474; x_wconf 93' lang='lat' dir='ltr'>quod</span> <span class='ocrx_word' id='word_1_76' title='bbox 860 2334 1132 2436; x_wconf 92' lang='lat' dir='ltr'>dicendum</span> <span class='ocrx_word' id='word_1_77' title='bbox 1157 2335 1300 2472; x_wconf 85' lang='lat' dir='ltr'>prius</span> <span class='ocrx_word' id='word_1_78' title='bbox 1326 2372 1431 2436; x_wconf 92' lang='lat' dir='ltr'>esse</span> <span class='ocrx_word' id='word_1_79' title='bbox 1456 2337 1675 2442; x_wconf 89' lang='lat' dir='ltr'>videtur.</span> 
     </span>
     <span class='ocr_line' id='line_1_13' title="bbox 360 2507 1704 2647; baseline 0.001 -35"><span class='ocrx_word' id='word_1_80' title='bbox 360 2509 533 2613; x_wconf 90' lang='lat' dir='ltr'>Multa</span> <span class='ocrx_word' id='word_1_81' title='bbox 556 2511 801 2610; x_wconf 87' lang='lat' dir='ltr'>foramina</span> <span class='ocrx_word' id='word_1_82' title='bbox 827 2547 984 2647; x_wconf 91' lang='lat' dir='ltr'>quom</span> <span class='ocrx_word' id='word_1_83' title='bbox 1006 2508 1157 2629; x_wconf 85' lang='lat' dir='ltr'>variis</span> <span class='ocrx_word' id='word_1_84' title='bbox 1183 2507 1284 2608; x_wconf 90' lang='lat' dir='ltr'>sint</span> <span class='ocrx_word' id='word_1_85' title='bbox 1308 2508 1508 2610; x_wconf 88' lang='lat' dir='ltr'>reddita</span> <span class='ocrx_word' id='word_1_86' title='bbox 1533 2511 1704 2634; x_wconf 89' lang='lat' dir='ltr'>rebus,</span> 
     </span>
     <span class='ocr_line' id='line_1_14' title="bbox 363 2681 1505 2821; baseline -0.002 -34"><span class='ocrx_word' id='word_1_87' title='bbox 363 2684 608 2787; x_wconf 89' lang='lat' dir='ltr'>Dissimili</span> <span class='ocrx_word' id='word_1_88' title='bbox 627 2688 760 2786; x_wconf 89' lang='lat' dir='ltr'>inter</span> <span class='ocrx_word' id='word_1_89' title='bbox 785 2723 836 2785; x_wconf 90' lang='lat' dir='ltr'>se</span> <span class='ocrx_word' id='word_1_90' title='bbox 862 2707 1045 2785; x_wconf 90' lang='lat' dir='ltr'>natura</span> <span class='ocrx_word' id='word_1_91' title='bbox 1070 2681 1289 2821; x_wconf 87' lang='lat' dir='ltr'>praedita</span> <span class='ocrx_word' id='word_1_92' title='bbox 1315 2681 1505 2785; x_wconf 90' lang='lat' dir='ltr'>debent</span> 
     </span>
     <span class='ocr_line' id='line_1_15' title="bbox 360 2844 1731 3000; baseline 0.001 -37"><span class='ocrx_word' id='word_1_93' title='bbox 360 2844 501 2980; x_wconf 84' lang='lat' dir='ltr'>Esse,</span> <span class='ocrx_word' id='word_1_94' title='bbox 529 2884 580 2961; x_wconf 91' lang='lat' dir='ltr'>et</span> <span class='ocrx_word' id='word_1_95' title='bbox 604 2858 791 2991; x_wconf 89' lang='lat' dir='ltr'>habere</span> <span class='ocrx_word' id='word_1_96' title='bbox 816 2896 956 2960; x_wconf 92' lang='lat' dir='ltr'>suam</span> <span class='ocrx_word' id='word_1_97' title='bbox 982 2882 1213 2959; x_wconf 89' lang='lat' dir='ltr'>naturam</span> <span class='ocrx_word' id='word_1_98' title='bbox 1233 2894 1480 2996; x_wconf 87' lang='lat' dir='ltr'>quaeque,</span> <span class='ocrx_word' id='word_1_99' title='bbox 1507 2861 1731 3000; x_wconf 86' lang='lat' dir='ltr'>viasque.</span> 
     </span>
     <span class='ocr_line' id='line_1_16' title="bbox 361 3031 1712 3174; baseline -0.001 -37"><span class='ocrx_word' id='word_1_100' title='bbox 361 3035 571 3174; x_wconf 81' lang='lat' dir='ltr'>Quippe</span> <span class='ocrx_word' id='word_1_101' title='bbox 597 3033 784 3135; x_wconf 85' lang='lat' dir='ltr'>etenim</span> <span class='ocrx_word' id='word_1_102' title='bbox 801 3035 927 3134; x_wconf 89' lang='lat' dir='ltr'>varii</span> <span class='ocrx_word' id='word_1_103' title='bbox 953 3071 1128 3135; x_wconf 88' lang='lat' dir='ltr'>sensus</span> <span class='ocrx_word' id='word_1_104' title='bbox 1154 3031 1495 3135; x_wconf 90' lang='lat' dir='ltr'>animantibus</span> <span class='ocrx_word' id='word_1_105' title='bbox 1521 3036 1712 3159; x_wconf 90' lang='lat' dir='ltr'>insunt,</span> 
     </span>
     <span class='ocr_line' id='line_1_17' title="bbox 362 3207 1807 3349; baseline 0.004 -40"><span class='ocrx_word' id='word_1_106' title='bbox 362 3210 599 3332; x_wconf 81' lang='lat' dir='ltr'>Quorum</span> <span class='ocrx_word' id='word_1_107' title='bbox 626 3207 846 3346; x_wconf 91' lang='lat' dir='ltr'>quisque</span> <span class='ocrx_word' id='word_1_108' title='bbox 873 3245 1014 3306; x_wconf 88' lang='lat' dir='ltr'>suam</span> <span class='ocrx_word' id='word_1_109' title='bbox 1038 3209 1244 3345; x_wconf 90' lang='lat' dir='ltr'>proprie</span> <span class='ocrx_word' id='word_1_110' title='bbox 1269 3245 1377 3308; x_wconf 91' lang='lat' dir='ltr'>rem</span> <span class='ocrx_word' id='word_1_111' title='bbox 1403 3211 1621 3349; x_wconf 88' lang='lat' dir='ltr'>percipit</span> <span class='ocrx_word' id='word_1_112' title='bbox 1646 3214 1697 3313; x_wconf 89' lang='lat' dir='ltr'>in</span> <span class='ocrx_word' id='word_1_113' title='bbox 1724 3250 1807 3315; x_wconf 87' lang='lat' dir='ltr'>se:</span> 
     </span>
     <span class='ocr_line' id='line_1_18' title="bbox 362 3383 1637 3525; baseline 0.002 -37"><span class='ocrx_word' id='word_1_114' title='bbox 362 3384 500 3489; x_wconf 87' lang='lat' dir='ltr'>Nam</span> <span class='ocrx_word' id='word_1_115' title='bbox 525 3405 791 3521; x_wconf 89' lang='lat' dir='ltr'>penetrare</span> <span class='ocrx_word' id='word_1_116' title='bbox 813 3383 916 3506; x_wconf 18' lang='lat' dir='ltr'>*alia</span> <span class='ocrx_word' id='word_1_117' title='bbox 941 3385 1151 3506; x_wconf 78' lang='lat' dir='ltr'>sonituS,</span> <span class='ocrx_word' id='word_1_118' title='bbox 1179 3385 1380 3524; x_wconf 89' lang='lat' dir='ltr'>aliaque</span> <span class='ocrx_word' id='word_1_119' title='bbox 1407 3425 1637 3525; x_wconf 87' lang='lat' dir='ltr'>saporem</span> 
     </span>
     <span class='ocr_line' id='line_1_19' title="bbox 363 3559 1447 3683; baseline -0.006 -16"><span class='ocrx_word' id='word_1_120' title='bbox 363 3566 630 3667; x_wconf 87' lang='lat' dir='ltr'>Cernimus</span> <span class='ocrx_word' id='word_1_121' title='bbox 656 3600 683 3661; x_wconf 92' lang='lat' dir='ltr'>e</span> <span class='ocrx_word' id='word_1_122' title='bbox 709 3561 885 3674; x_wconf 87' lang='lat' dir='ltr'>succis,</span> <span class='ocrx_word' id='word_1_123' title='bbox 913 3560 1011 3660; x_wconf 88' lang='lat' dir='ltr'>alia</span> <span class='ocrx_word' id='word_1_124' title='bbox 1036 3559 1227 3662; x_wconf 91' lang='lat' dir='ltr'>nidoris</span> <span class='ocrx_word' id='word_1_125' title='bbox 1253 3562 1447 3683; x_wconf 77' lang='lat' dir='ltr'>odoreS,</span> 
     </span>
    </p>

    <p class='ocr_par' dir='ltr' id='par_1_6' title="bbox 359 3735 1658 4048">
     <span class='ocr_line' id='line_1_20' title="bbox 365 3735 1658 3877; baseline -0.002 -35"><span class='ocrx_word' id='word_1_126' title='bbox 365 3738 579 3877; x_wconf 86' lang='lat' dir='ltr'>Propter</span> <span class='ocrx_word' id='word_1_127' title='bbox 604 3735 894 3837; x_wconf 88' lang='lat' dir='ltr'>dissimilem</span> <span class='ocrx_word' id='word_1_128' title='bbox 922 3756 1173 3856; x_wconf 81' lang='lat' dir='ltr'>naturam,</span> <span class='ocrx_word' id='word_1_129' title='bbox 1200 3758 1444 3877; x_wconf 85' lang='lat' dir='ltr'>textaque</span> <span class='ocrx_word' id='word_1_130' title='bbox 1472 3775 1658 3840; x_wconf 91' lang='lat' dir='ltr'>rerum.</span> 
     </span>
     <span class='ocr_line' id='line_1_21' title="bbox 359 3909 1516 4048; baseline -0.005 -32"><span class='ocrx_word' id='word_1_131' title='bbox 359 3912 615 4015; x_wconf 87' lang='lat' dir='ltr'>Praeterea</span> <span class='ocrx_word' id='word_1_132' title='bbox 641 3948 846 4010; x_wconf 89' lang='lat' dir='ltr'>manare</span> <span class='ocrx_word' id='word_1_133' title='bbox 873 3909 1012 4011; x_wconf 91' lang='lat' dir='ltr'>aliud</span> <span class='ocrx_word' id='word_1_134' title='bbox 1037 3949 1131 4048; x_wconf 88' lang='lat' dir='ltr'>per</span> <span class='ocrx_word' id='word_1_135' title='bbox 1156 3951 1276 4013; x_wconf 86' lang='lat' dir='ltr'>saxa</span> <span class='ocrx_word' id='word_1_136' title='bbox 1300 3911 1516 4033; x_wconf 88' lang='lat' dir='ltr'>videtur,</span> 
     </span>
    </p>

    <p class='ocr_par' dir='ltr' id='par_1_7' title="bbox 359 4083 1756 4925">
     <span class='ocr_line' id='line_1_22' title="bbox 359 4083 1741 4228; baseline 0 -40"><span class='ocrx_word' id='word_1_137' title='bbox 359 4087 535 4227; x_wconf 83' lang='lat' dir='ltr'>Atque</span> <span class='ocrx_word' id='word_1_138' title='bbox 562 4083 701 4185; x_wconf 90' lang='lat' dir='ltr'>aliud</span> <span class='ocrx_word' id='word_1_139' title='bbox 725 4119 818 4220; x_wconf 90' lang='lat' dir='ltr'>per</span> <span class='ocrx_word' id='word_1_140' title='bbox 841 4083 997 4221; x_wconf 87' lang='lat' dir='ltr'>ligna,</span> <span class='ocrx_word' id='word_1_141' title='bbox 1025 4086 1165 4189; x_wconf 91' lang='lat' dir='ltr'>aliud</span> <span class='ocrx_word' id='word_1_142' title='bbox 1191 4088 1402 4187; x_wconf 91' lang='lat' dir='ltr'>transire</span> <span class='ocrx_word' id='word_1_143' title='bbox 1427 4125 1521 4228; x_wconf 90' lang='lat' dir='ltr'>per</span> <span class='ocrx_word' id='word_1_144' title='bbox 1545 4126 1741 4211; x_wconf 86' lang='lat' dir='ltr'>aurum,</span> 
     </span>
     <span class='ocr_line' id='line_1_23' title="bbox 360 4248 1646 4403; baseline 0 -38"><span class='ocrx_word' id='word_1_145' title='bbox 360 4266 693 4403; x_wconf 86' lang='lat' dir='ltr'>Argentoque</span> <span class='ocrx_word' id='word_1_146' title='bbox 719 4260 850 4361; x_wconf 89' lang='lat' dir='ltr'>foras</span> <span class='ocrx_word' id='word_1_147' title='bbox 877 4259 1031 4381; x_wconf 89' lang='lat' dir='ltr'>aliud,</span> <span class='ocrx_word' id='word_1_148' title='bbox 1058 4263 1293 4402; x_wconf 89' lang='lat' dir='ltr'>vitroque</span> <span class='ocrx_word' id='word_1_149' title='bbox 1320 4301 1502 4366; x_wconf 89' lang='lat' dir='ltr'>meare.</span> <span class='ocrx_word' id='word_1_150' title='bbox 1643 4248 1646 4253; x_wconf 31' lang='lat'>⁵</span> 
     </span>
     <span class='ocr_line' id='line_1_24' title="bbox 361 4435 1756 4573; baseline -0.004 -31"><span class='ocrx_word' id='word_1_151' title='bbox 361 4436 500 4542; x_wconf 88' lang='lat' dir='ltr'>Nam</span> <span class='ocrx_word' id='word_1_152' title='bbox 525 4440 685 4538; x_wconf 89' lang='lat' dir='ltr'>fluere</span> <span class='ocrx_word' id='word_1_153' title='bbox 711 4435 805 4537; x_wconf 89' lang='lat' dir='ltr'>hac</span> <span class='ocrx_word' id='word_1_154' title='bbox 832 4435 1038 4573; x_wconf 89' lang='lat' dir='ltr'>species,</span> <span class='ocrx_word' id='word_1_155' title='bbox 1065 4436 1180 4537; x_wconf 86' lang='lat' dir='ltr'>illac</span> <span class='ocrx_word' id='word_1_156' title='bbox 1207 4437 1341 4537; x_wconf 88' lang='lat' dir='ltr'>calor</span> <span class='ocrx_word' id='word_1_157' title='bbox 1365 4438 1438 4538; x_wconf 92' lang='lat' dir='ltr'>ire</span> <span class='ocrx_word' id='word_1_158' title='bbox 1464 4437 1695 4564; x_wconf 90' lang='lat' dir='ltr'>videtur;</span> <span class='ocrx_word' id='word_1_159' title='bbox 1748 4527 1756 4537; x_wconf 87' lang='lat'><em>.</em></span> 
     </span>
     <span class='ocr_line' id='line_1_25' title="bbox 359 4609 1599 4752; baseline -0.001 -38"><span class='ocrx_word' id='word_1_160' title='bbox 359 4614 534 4752; x_wconf 89' lang='lat' dir='ltr'>Atque</span> <span class='ocrx_word' id='word_1_161' title='bbox 560 4611 668 4710; x_wconf 89' lang='lat' dir='ltr'>aliis</span> <span class='ocrx_word' id='word_1_162' title='bbox 694 4609 831 4709; x_wconf 91' lang='lat' dir='ltr'>aliud</span> <span class='ocrx_word' id='word_1_163' title='bbox 858 4609 1004 4710; x_wconf 87' lang='lat' dir='ltr'>citius</span> <span class='ocrx_word' id='word_1_164' title='bbox 1029 4612 1368 4712; x_wconf 85' lang='lat' dir='ltr'>transmittere</span> <span class='ocrx_word' id='word_1_165' title='bbox 1394 4612 1599 4714; x_wconf 88' lang='lat' dir='ltr'>eadem:</span> 
     </span>
     <span class='ocr_line' id='line_1_26' title="bbox 362 4778 1381 4925; baseline -0.003 -36"><span class='ocrx_word' id='word_1_166' title='bbox 362 4787 566 4890; x_wconf 88' lang='lat' dir='ltr'>Scilicet</span> <span class='ocrx_word' id='word_1_167' title='bbox 590 4785 641 4887; x_wconf 92' lang='lat' dir='ltr'>id</span> <span class='ocrx_word' id='word_1_168' title='bbox 668 4786 775 4887; x_wconf 88' lang='lat' dir='ltr'>fieri</span> <span class='ocrx_word' id='word_1_169' title='bbox 803 4786 940 4925; x_wconf 82' lang='lat' dir='ltr'>cogit</span> <span class='ocrx_word' id='word_1_170' title='bbox 964 4811 1146 4889; x_wconf 87' lang='lat' dir='ltr'>natura</span> <span class='ocrx_word' id='word_1_171' title='bbox 1169 4778 1381 4907; x_wconf 85' lang='lat' dir='ltr'>viarum,</span> 
     </span>
    </p>
   </div>
   <div class='ocr_carea' id='block_1_3' title="bbox 362 4961 1702 5191">
    <p class='ocr_par' dir='ltr' id='par_1_8' title="bbox 362 4961 1702 5191">
     <span class='ocr_line' id='line_1_27' title="bbox 362 4961 1702 5102; baseline -0.002 -36"><span class='ocrx_word' id='word_1_172' title='bbox 362 4962 684 5066; x_wconf 91' lang='lat' dir='ltr'>Multimodis</span> <span class='ocrx_word' id='word_1_173' title='bbox 709 4962 921 5087; x_wconf 87' lang='lat' dir='ltr'>varians,</span> <span class='ocrx_word' id='word_1_174' title='bbox 949 4986 1007 5065; x_wconf 89' lang='lat' dir='ltr'>ut</span> <span class='ocrx_word' id='word_1_175' title='bbox 1029 4962 1204 5102; x_wconf 86' lang='lat' dir='ltr'>paullo</span> <span class='ocrx_word' id='word_1_176' title='bbox 1230 4961 1542 5064; x_wconf 89' lang='lat' dir='ltr'>ostendimus</span> <span class='ocrx_word' id='word_1_177' title='bbox 1569 4981 1702 5063; x_wconf 86' lang='lat' dir='ltr'>ante.</span> 
     </span>
     <span class='ocr_line' id='line_1_28' title="bbox 1070 5141 1144 5191; baseline 0 0"><span class='ocrx_word' id='word_1_178' title='bbox 1070 5141 1088 5191; x_wconf 66' lang='lat'>8</span> <span class='ocrx_word' id='word_1_179' title='bbox 1097 5146 1116 5191; x_wconf 71' lang='lat' dir='ltr'>P</span> <span class='ocrx_word' id='word_1_180' title='bbox 1126 5141 1144 5191; x_wconf 66' lang='lat'>8</span> 
     </span>
    </p>
   </div>
   <div class='ocr_carea' id='block_1_4' title="bbox 0 0 2232 5984">
    <p class='ocr_par' dir='ltr' id='par_1_9' title="bbox 0 0 2232 5984">
     <span class='ocr_line' id='line_1_29' title="bbox 0 0 2232 5984; baseline 0 0"><span class='ocrx_word' id='word_1_181' title='bbox 0 0 2232 5984; x_wconf 95' lang='lat' dir='ltr'> </span> 
     </span>
    </p>
   </div>
  </div>
 </body>
</html>
