4432 5984
325 339 328 345 -
369 292 484 405 1260
531 428 532 431 Ὺ
713 309 775 398 Τ,
840 300 1543 413 ΒΗΟΒΕΤΙΙ·-ΟΑΒΙ

455 567 568 671 Hoc
594 591 670 669 est
693 564 896 705 igniferi
922 587 1156 668 naturam
1180 563 1407 665 fulminis
1431 564 1592 701 ipsam

385 743 693 882 Perspicere,
720 763 772 840 et
797 742 972 879 quavi
996 739 1147 841 faciat
1171 778 1277 841 rem
1301 775 1561 878 quamque
1585 736 1784 841 videre:
1829 768 1833 774 “

385 914 438 1019 N
443 955 509 1017 on
533 912 800 1054 Tyrrhena
822 935 957 1014 retro
979 915 1262 1015 volventem
1288 910 1720 1014 carmina-frustra

384 1088 580 1191 Indicia
605 1086 816 1188 occultae
842 1085 1006 1190 divom
1033 1087 1328 1225 perquirere
1353 1086 1553 1204 mentis,

384 1261 540 1367 Unde
562 1261 735 1362 volans
759 1261 892 1397 ignis
916 1263 1220 1396 pervenerit,
1246 1261 1407 1362 autin
1434 1282 1598 1362 utram
1626 1297 1678 1360 se

232 1509 235 1515 -
337 1430 339 1434 ὗ
382 1433 608 1537 Verterit
632 1433 714 1535 hic
738 1455 951 1572 partem,
978 1471 1082 1570 quo
1108 1457 1256 1573 pacto
1280 1472 1374 1573 per
1396 1434 1676 1569 loca-septa.

383 1606 675 1727 Insinutrit,
702 1629 754 1706 et
779 1603 897 1708 hinc
924 1607 1210 1710 dominatus
1235 1631 1294 1710 ut
1319 1608 1561 1709 extulerit
1583 1643 1652 1724 se,

245 1838 250 1849 ·
384 1780 588 1902 Quidve
614 1818 793 1880 nocere
821 1802 977 1917 queat
1000 1779 1065 1879 de
1090 1780 1215 1882 coelo
1240 1780 1464 1884 fulminis
1489 1788 1633 1882 ictus.

351 1965 354 1970 ’
457 1957 613 2079 Quod
639 1956 678 2056 si
702 1953 910 2092 Jupiter
934 1976 1087 2091 atque
1113 1956 1194 2057 alii
1216 1955 1464 2095 fulgentia
1487 1955 1591 2056 divi

224 2211 227 2217 -
380 2131 622 2234 Terrilico
648 2133 888 2269 quatiunt
913 2130 1077 2230 sonitu
1107 2129 1325 2229 coelestia
1348 2129 1554 2267 templa,

382 2307 460 2410 Et'
467 2308 666 2446 jaciunt
688 2305 864 2442 igneis,
892 2341 997 2442 quo
1021 2305 1247 2442 quoique
1273 2326 1350 2404 est
1373 2341 1599 2442 cumque·
1618 2304 1866 2443 voluptas,

382 2479 505 2600 Cur,
527 2477 716 2616 quibus
741 2474 1000 2577 incautum
1028 2477 1189 2576 scelus
1215 2475 1488 2578 aversabile
1512 2514 1733 2619 cumque
1755 2502 1847 2602 est,

381 2654 502 2759 Nou
529 2654 737 2773 faciunt,
764 2653 849 2752 icti
876 2653 1102 2751 flammas
1127 2673 1185 2750 ut
1210 2649 1425 2788 fulguris
1448 2649 1622 2751 halent

380 2831 589 2933 Pectore
616 2826 829 2965 pertiso,
858 2825 1104 2924 documen
1132 2820 1599 2927 mortalibusacrel

378 3003 450 3107 Et
473 3005 642 3141 potius
668 3001 823 3101 nullae
849 2997 941 3098 sibi
970 2998 1133 3135 turpis
1158 2998 1387 3099 conscius
1409 3000 1483 3098 rei

377 3178 613 3280 Volvitur
638 3177 692 3273 in
716 3175 931 3273 flammis
957 3172 1209 3283 innoxius,
1233 3173 1392 3311 inque
1414 3177 1638 3311 peditur,

355 3382 364 3389 ²
376 3347 604 3454 Turbine
630 3347 817 3448 eoelesti
844 3343 1012 3447 subito
1037 3367 1306 3482 conreptus
1332 3368 1384 3446 et
1406 3350 1548 3487 igni?
1636 3380 1641 3387 ·

448 3523 556 3626 Cur
581 3523 730 3623 etiam
756 3522 872 3621 loca·
890 3520 996 3620 sola
1018 3540 1218 3657 petunt,
1244 3516 1532 3661 frustraque
1557 3524 1821 3628 laborant?

374 3698 457 3804 An
484 3737 576 3800 con
604 3693 809 3796 brachia
834 3692 1131 3812 suefaciunt‚
1154 3693 1458 3832 firmantque
1483 3696 1727 3802 lacertosi

378 3870 439 3973 In
467 3892 705 4007 terraque
732 3864 896 3970 Patris
919 3905 1012 3968 cur
1034 3867 1193 3966 telum
1217 3850 1576 4006 perpetiuntur
1749 3934 1754 3945 ·

380 4042 647 4146 Obtundi'l
684 4077 775 4139 cur
797 4039 906 4177 ipse
931 4039 1065 4158 sinit,
1091 4075 1263 4176 neque
1285 4042 1448 4176 parcit
1470 4042 1522 4142 in
1549 4039 1768 4146 hosteisl
1826 4036 1829 4043 ¹

448 4217 705 4352 Denique,
731 4252 823 4314 cur
845 4251 1110 4353 nunquam
1135 4213 1263 4313 coelo
1278 4213 1405 4350 jacit
1430 4211 1820 4354 undiquepuro

376 4391 584 4530 Jupiter
610 4391 660 4488 in
686 4408 845 4488 terras
870 4387 1079 4508 fulmen,
1108 4387 1403 4525 sonitusque
1428 4385 1723 4524 profundit!

377 4567 460 4665 An
488 4563 636 4662 simul
662 4600 719 4662 ac
742 4557 905 4660 nubes
930 4596 1227 4679 successere,
1254 4559 1362 4696 ipse
1386 4559 1682 4661 incastum

379 4735 672 4855 Descendit,
697 4770 858 4871 prope
874 4754 943 4832 -ut
965 4731 1083 4834 hinc
1107 4733 1195 4832 teli
1221 4732 1523 4834 determinet
1546 4735 1706 4838 ictus?

377 4909 438 5011 In
465 4947 601 5010 mare
627 4945 731 5051 qua
753 4942 906 5046 porro
930 4907 1085 5008 mittit
1110 4907 1337 5014 ratione?
1373 4903 1510 5049 quid·
1525 4906 1691 5038 undas
