4432 5984
762 356 1039 446 nrnnu
1100 355 1454 453 suxrns.
1761 355 1861 465 275
1951 297 1958 311 ’

363 613 567 717 Ducere
592 614 722 716 forte
749 616 869 748 deos
894 616 1083 716 mancis
1108 616 1303 719 inferne
1329 658 1533 721 reamur
1547 663 1561 746 ;

364 789 591 893 Naribus
617 792 841 930 alipedes
867 814 925 892 ut
950 792 1083 893 cervi
1109 831 1243 930 saepe
1270 802 1519 932 putantur

363 965 568 1068 Ducere
593 967 658 1067 de
683 964 890 1067 latebris
916 968 1171 1104 serpentia
1196 970 1344 1070 saecla
1368 969 1620 1073 ferarum:

363 1137 514 1259 Quod
543 1142 721 1281 procul
747 1180 777 1241 a
799 1179 1097 1281 veroquam
1125 1143 1190 1243 sit
1213 1145 1406 1245 ratione
1433 1146 1712 1285 repulsum,

362 1314 606 1456 Percipe3
644 1357 867 1458 namque
894 1319 1004 1457 ipsa
1028 1319 1093 1417 de
1119 1357 1172 1418 re
1199 1356 1334 1420 nunc
1356 1319 1523 1421 dicere
1550 1358 1721 1420 conor.

431 1491 689 1632 Principio
716 1492 810 1595 boc
837 1494 966 1614 dico,
995 1495 1136 1633 quod
1165 1493 1271 1594 dixi
1300 1533 1434 1634 saepe
1464 1532 1673 1636 quoque
1699 1516 1835 1615 ante,
1946 1619 1947 1622 p

362 1664 423 1767 In
450 1691 584 1770 terra
609 1670 897 1809 quujusque
923 1669 1065 1769 modi
1091 1708 1259 1771 rernm
1287 1710 1392 1772 esse
1419 1671 1639 1809 figuras3
1687 1693 1690 1699 ’

362 1840 551 1964 Multa,
578 1842 692 1945 cibo
718 1882 867 1983 aeque
891 1843 1094 1969 vitalia;
1132 1845 1397 1984 multaque
1423 1843 1626 1947 morbos
1739 1955 1743 1961 ⁴

362 2017 616 2142 Incuteie‚
644 2043 696 2119 et
719 2043 933 2119 mortem
960 2058 1077 2157 quoe
1102 2022 1298 2159 possint
1322 2023 1630 2123 accelerare:

360 2192 432 2296 Et
457 2198 617 2335 magis
643 2233 748 2295 esse
774 2195 884 2295 aliis
911 2196 1032 2295 alias
1058 2196 1400 2296 animantibus
1426 2219 1569 2336 aptas

361 2365 463 2471 Res
489 2372 555 2470 ad
582 2371 701 2471 vitai
727 2372 990 2491 rationem,
1018 2372 1331 2473 ostendimus
1356 2396 1489 2493 ante,

361 2542 581 2683 Propter
604 2545 898 2646 dissimilem
923 2569 1173 2669 naturam,
1203 2547 1592 2688 dissimileisque

357 2721 610 2825 Texturas
635 2724 769 2824 inter
793 2763 915 2845 sese,
942 2726 1233 2862 primasque
1259 2721 1479 2860 figuras:
1514 2822 1532 2850 ,

362 2895 532 2999 Multa
558 2921 729 2998 meant
752 2899 955 2998 inimica
979 2935 1072 3036 per
1098 2899 1277 3018 aureis,
1305 2898 1467 2998 multa
1490 2936 1585 3035 per
1609 2899 1742 3036 ipsas

361 3069 630 3172 Insinuant
656 3074 820 3172 nareis
845 3072 1026 3172 infesta
1051 3095 1206 3210 atque
1234 3109 1414 3210 aspera
1438 3072 1625 3197 odore;

362 3245 477 3349 Nec
504 3271 621 3349 sunt
646 3249 806 3348 multa
831 3286 1013 3385 parum
1037 3270 1176 3347 tactu
1203 3247 1424 3369 vitanda,
1453 3271 1742 3349 necantem
1901 3346 1903 3353 ,

359 3422 622 3562 Adspectu
648 3423 908 3562 fugienda,
937 3461 1221 3563 saporeque
1246 3425 1410 3524 tristia
1436 3463 1556 3564 quae
1584 3423 1701 3525 sint.

270 3648 272 3652 ³
361 3596 565 3699 Deinde
591 3598 761 3699 videre
781 3586 899 3699 licet
925 3637 1080 3738 quam
1106 3600 1281 3699 multae
1308 3599 1408 3699 sint
1433 3598 1626 3701 homini
1652 3639 1732 3701 res

358 3774 560 3876 Acriter
584 3746 767 3911 infesto
794 3814 958 3896 sensu,
986 3813 1305 3914 spurcaeque,
1333 3812 1631 3914 gravesque.

429 3948 715 4050 Arboribus
738 3952 962 4088 primum
987 3953 1135 4050 certis
1161 3952 1327 4086 gravis
1353 3948 1534 4050 umbra
1552 3949 1747 4054 tributa
1764 3976 1858 4098 cst,

359 4125 691 4267 Usqueadco,
719 4126 896 4262 cepitis
921 4124 1110 4226 faciant
1135 4148 1193 4226 ut
1209 4117 1351 4263 ¹saepe
1377 4127 1591 4246 dolores,

362 4298 417 4402 Si
442 4302 557 4442 quis
579 4318 665 4401 'eas
692 4299 866 4401 subter
881 4300 1045 4437 jacuit
1068 4324 1350 4438 prostratus
1375 4301 1428 4401 in
1456 4298 1640 4402 herbis.
1784 4341 1793 4358 ·

431 4475 526 4576 Est
551 4476 704 4576 etiam
729 4476 783 4575 in
810 4477 1007 4613 magnis
1035 4474 1296 4577 Heliconis
1321 4473 1580 4576 montibus
1605 4473 1754 4578 arbos

362 4650 523 4752 Floris
548 4650 703 4750 odore
728 4647 987 4793 hominem
1012 4674 1144 4751 tetro
1170 4674 1414 4769 consueta
1439 4688 1633 4752 necare.

268 4909 274 4924 .
362 4826 567 4928 Scilicet
591 4824 702 4927 haeo
727 4825 844 4927 ideo
870 4829 1018 4929 terris
1043 4866 1106 4927 ex
1132 4827 1302 4928 omnia
1329 4847 1550 4964 surgunt

362 4999 535 5104 Multa
558 5001 722 5104 modis
746 5001 919 5106 multis
944 5004 1222 5145 multarum
1246 5002 1438 5104 semina
1462 5037 1649 5122 rerum,

1079 5183 1096 5233 2
1106 5193 1124 5231 0
1135 5183 1152 5233 2
