4432 5984
719 404 988 498 LIBER
1022 405 1537 502 ⁴SECUNDUS·
1788 398 1856 518 73

367 662 450 767 Ex
475 703 683 806 unoque
710 667 841 767 sitim
870 665 1102 767 sedantes
1127 668 1339 768 flumine
1365 677 1534 807 aquai,

367 841 617 945 Dissimili
643 843 823 944 vivunt
843 843 1025 979 specie,
1053 843 1381 980 retinentque
1399 866 1669 980 parentum

366 1015 417 1119 N
423 1038 717 1139 aturam,·et
741 1053 904 1117 mores
927 1019 1456 1159 generatimquaeque
1484 1022 1774 1123 imitantur:

362 1190 529 1295 Tanta
553 1193 707 1294 estin
734 1192 912 1331 quovis
930 1230 1116 1329 genere
1142 1190 1315 1293 herbae
1341 1198 1569 1297 materiai

347 1363 638 1487 ¹Dissimilis
662 1367 820 1467 ratio:
859 1384 1104 1466 tantaest
1125 1368 1180 1467 in
1204 1369 1415 1469 flumine
1441 1407 1663 1510 quoque.

430 1540 465 1644 J
469 1579 550 1641 am
575 1580 695 1643 vero
719 1541 956 1680 quamvis
976 1542 1280 1642 animantem
1308 1580 1373 1642 ex
1399 1543 1634 1646 omuibus
1661 1585 1813 1650 unam

365 1715 511 1838 Ossa,
538 1754 705 1839 cruor,
730 1753 889 1837 venae,
918 1709 1069 1836 calor,
1097 1713 1296 1836 humor,
1322 1719 1528 1840 viscera,
1556 1723 1694 1823 nervi
1806 1712 1829 1724 '⁵

365 1888 714 2013 Constituunt,
741 1932 861 2032 quae
886 1914 1007 1994 sunt
1028 1887 1182 2030 porro
1208 1890 1449 1993 distantia
1473 1895 1626 2034 longe

361 2064 611 2168 Dissimili
638 2067 862 2208 perfecta
884 2068 1052 2206 figura
1067 2069 1448 2206 principiorum.

326 2315 332 2324 „
428 2237 574 2341 Tum·
589 2277 745 2378 porro
768 2277 1093 2385 quaeeunque
1118 2242 1226 2380 igni
1251 2237 1509 2344 flammata
1533 2265 1837 2370 cremantur,

363 2411 419 2513 Si
444 2414 514 2514 nil
541 2435 807 2552 praeterea,
833 2436 1007 2517 tamen·
1030 2453 1095 2516 ex
1115 2453 1167 2517 se
1193 2454 1252 2518 ea
1276 2456 1489 2557 corpora
1513 2419 1740 2543 tradunt,

362 2584 515 2691 Unde
540 2589 713 2728 ignem
729 2589 917 2726 jacere,
931 2583 997 2691 et
1021 2591 1193 2691 lumen
1220 2590 1518 2693 submittere
1542 2584 1753 2733 possint,

272 2757 274 2761 ¹
362 2762 720 2901 Scintillaeque
744 2799 910 2901 agere,
938 2800 995 2865 ae
1020 2766 1121 2865 late
1147 2765 1352 2867 differre
1376 2764 1617 2873 favillam.
1762 2847 1765 2850 «

364 2936 566 3041 Caetera
590 2937 836 3039 consimili
856 2934 1044 3041 mentis
1068 2943 1263 3043 ratione
1287 2976 1583 3079 peragrans,

366 3111 599 3215 Invenies
622 3115 761 3214 intus
785 3109 1059 3225 multarum
1078 3114 1277 3215 semina
1300 3151 1471 3218 rerum

365 3292 592 3432 Corpore
617 3293 796 3412 celare,
821 3313 876 3391 et
897 3289 1059 3390 varias
1085 3287 1322 3390 cohibere
1347 3289 1554 3428 figuras.

429 3468 673 3609 Denique
692 3468 853 3567 multa
876 3462 1033 3585 vides,
1061 3463 1251 3602 quibus
1274 3487 1328 3565 et
1350 3469 1478 3571 odor
1500 3492 1555 3571 et
1572 3508 1726 3611 sapor
1749 3451 1862 3573 una

357 3643 583 3747 Reddita
613 3666 746 3764 sunt,
774 3677 931 3781 quom
954 3639 1157 3764 adoles3
1183 3642 1415 3778 inprimis
1439 3646 1685 3784 pleraque
1700 3645 1851 3766 dona,

358 3821 645 3958 Relligione
671 3818 897 3918 animum
916 3817 1065 3954 'turpi
1082 3830 1238 3955 quom
1262 3838 1472 3955 tangere
1496 3841 1660 3957 parte.

358 3995 488 4098 Haec
513 3995 670 4133 igitur
692 3994 846 4095 variis
874 3993 1065 4095 debent
1088 4014 1320 4095 constare
1346 3993 1553 4129 figuris:

358 4171 530 4275 Nidor
554 4171 688 4271 enim
712 4161 963 4307 penetrat,
992 4206 1097 4309 qua
1122 4206 1299 4269 succus
1325 4205 1428 4266 non
1454 4168 1573 4268 itin
1598 4187 1769 4288 artus3

358 4345 549 4449 Suecus
574 4347 696 4446 item
722 4375 961 4466 seorsum,
989 4365 1042 4444 et
1060 4377 1283 4444 seorsum
1309 4349 1459 4478 sapor
1482 4340 1775 4440 insinuatur

358 4518 617 4641 Sensibus,
644 4542 703 4620 ut
720 4557 894 4621 noscas
918 4520 1076 4658 privis
1102 4512 1308 4617 differre
1332 4513 1528 4651 figuris.

356 4694 643 4798 Dissimiles
665 4695 825 4834 igitur
847 4693 1027 4796 formae
1044 4693 1388 4831 glomeramen
1413 4689 1469 4787 in
1494 4716 1658 4787 unum

357 4869 716 4974 Conveniunt:
754 4892 808 4970 et
831 4908 911 4972 res
934 4868 1177 5008 permisto
1202 4864 1392 4965 semine
1410 4877 1673 4962 'constant

427 5041 571 5166 Quin
598 5045 749 5148 etiam
774 5047 962 5186 passim
987 5042 1171 5146 nostris
1195 5039 1251 5140 in
1274 5035 1515 5141 versibus
1539 5031 1672 5173 ipsis

1042 5227 1063 5270 1·
