4432 5984
357 309 430 407 42
677 319 736 407 T.
773 314 1233 408 tUCRETH
1300 314 1513 409 CARI

265 577 268 581 ’
435 576 695 678 Postremo
721 598 836 714 ante
861 576 1032 676 oeulos
1056 614 1163 675 rem
1188 613 1267 676 res
1293 575 1439 676 finire
1462 572 1663 675 videtur
1678 613 1691 695 ;

364 757 470 855 Aer
491 754 705 891 dissepit
729 754 914 872 culleis,
941 776 1096 892 atque
1117 753 1233 849 aera
1259 751 1501 880 monteis3

364 927 522 1028 Terra
542 966 698 1047 mare,
726 949 778 1025 et
796 949 970 1026 eontra
996 963 1132 1025 mare
1155 947 1313 1023 terras
1339 924 1576 1023 terminat
1600 919 1831 1021 omneis:
1935 1028 1940 1033 ,

367 1098 535 1202 Omne
563 1100 771 1238 quidem
795 1136 913 1199 vero
933 1098 1061 1199 nihil
1085 1097 1322 1237 estquod
1350 1097 1495 1196 finiat
1518 1118 1677 1214 extra.

366 1275 460 1375 Est
485 1277 639 1412 igitur
662 1296 842 1372 natura
869 1275 979 1395 loci,
1008 1278 1329 1411 spatiumque
1354 1270 1611 1408 profundi,
1740 1376 1742 1380 Α

367 1448 519 1570 Quod
542 1486 710 1588 neque
735 1449 868 1549 clara
894 1484 984 1547 suo
1003 1484 1296 1585 percurrere
1317 1446 1529 1545 flumina
1553 1482 1703 1545 cursu
1817 1526 1821 1537 .

365 1623 620 1762 Perpetuo
645 1623 839 1760 possint
864 1625 957 1743 aevi
984 1622 1204 1722 labentia
1227 1644 1408 1738 tractu,

366 1797 419 1899 N
424 1836 480 1898 ee
504 1834 736 1935 prorsum
764 1794 942 1915 facere,
972 1818 1029 1896 nt
1053 1820 1207 1897 restet
1231 1799 1396 1896 miuus
1424 1795 1512 1913 ire,
1537 1793 1782 1895 meando:
1886 1853 1890 1862 ·

364 1971 543 2112 Usque
562 1970 687 2071 adeo
706 1969 890 2107 passim
915 1991 1057 2105 patet
1081 1970 1259 2106 ingens
1278 1970 1423 2107 eopia
1448 1967 1619 2089 rebus,

366 2146 575 2247 Finibus
595 2145 841 2280 exemptis
866 2145 918 2243 in
945 2165 1149 2243 cunctas
1174 2143 1402 2283 undique
1427 2144 1630 2279 parteis.

434 2318 552 2457 Ipsa
576 2317 783 2417 modum
808 2354 960 2453 porro
987 2315 1081 2415 sibi
1101 2352 1268 2415 rerum
1290 2352 1483 2415 summa
1507 2354 1688 2453 parare

364 2493 448 2596 Ne
473 2494 646 2630 possit,
674 2514 855 2592 natura
879 2513 1045 2592 tenet:
1086 2491 1208 2628 quia
1232 2527 1414 2628 corpus
1439 2493 1593 2611 inani,
1674 2492 1675 2496 Ν

363 2668 433 2771 Et
451 2666 589 2807 quod
617 2668 764 2780 inane
791 2689 957 2765 autem
984 2685 1074 2784 est,
1095 2664 1230 2763 finiri
1255 2702 1462 2802 corpore
1486 2667 1652 2806 eogit3

362 2842 438 2944 Ut
462 2845 530 2943 sic
551 2842 754 2940 alternis
780 2840 978 2940 infinita
1000 2840 1168 2939 omnia
1192 2838 1385 2941 reddat.

360 3018 468 3117 Aut
487 3014 978 3136 etiamalterutrum
1007 3017 1100 3115 nisi
1121 3015 1358 3113 terminet
1383 3016 1596 3116 alterum
1622 3054 1814 3138 eorum,

362 3191 601 3328 Simplice
622 3210 802 3288 natura
826 3214 998 3327 pateat
1022 3215 1189 3292 tamen
1209 3191 1610 3313 immoderatum,

363 3367 414 3467 N
419 3406 475 3467 ee
501 3364 653 3483 mare,
676 3403 767 3464 nec
792 3367 958 3488 tellus,
985 3405 1077 3467 nee
1103 3365 1213 3464 coeli
1239 3363 1408 3464 lucida
1433 3368 1638 3504 templa,

362 3542 476 3645 Nec
496 3539 705 3639 mortale
731 3576 907 3675 genus,
936 3578 1102 3679 neque
1123 3539 1287 3638 divum
1314 3576 1524 3677 corpora
1549 3567 1719 3645 sancta

363 3719 623 3855 Exiguum
648 3737 853 3852 possent
869 3712 1010 3815 horai
1037 3716 1208 3813 sistere
1232 3736 1463 3852 tempus:

363 3893 499 3994 Nam
525 3890 748 4027 dispulsa
773 3927 865 3988 suo
890 3889 953 3987 de
979 3913 1111 3989 coetu
1137 3891 1363 3990 materiai

361 4067 521 4204 Copia
538 4064 759 4164 ferretur
782 4101 1025 4201 magnum
1049 4104 1143 4203 per
1167 4067 1314 4166 inane
1341 4067 1505 4167 soluta
1519 4110 1534 4193 3

361 4243 477 4343 Sive
500 4237 625 4338 adeo
650 4238 818 4373 potius
844 4276 1107 4376 nunquam
1135 4266 1366 4343 concreta
1389 4247 1604 4346 creasset

358 4414 533 4521 Ullam
559 4451 682 4530 rem,
713 4412 952 4550 quoniam
979 4391 1091 4550 cogi
1117 4415 1325 4572 disjecta
1349 4420 1621 4559 nequisset.

430 4589 569 4691 Nam
584 4609 729 4686 uerte.
747 4624 915 4724 neque
941 4589 1147 4689 eonsiiio
1170 4591 1447 4728 primordia
1466 4631 1635 4696 rerum

356 4759 559 4873 Ordine
586 4801 654 4883 se,
681 4801 771 4863 sua
797 4800 1019 4903 quaeque
1045 4766 1209 4904 sagaci
1235 4787 1402 4866 mente
1422 4766 1653 4869 locarunt
1666 4809 1683 4893 3
