4432 5984
365 358 465 458 154
695 369 754 456 Τ.
816 366 1246 459 LUCRETII
1311 368 1522 462 CARI

364 626 544 767 Longa
568 651 737 729 tamen
764 651 909 766 parte
935 626 1000 729 ab
1026 668 1222 729 summa
1245 667 1357 729 oum
1385 652 1494 729 tota
1515 631 1756 753 videtur,

364 804 636 907 Paullatim
661 801 819 903 trahit
844 805 1046 941 angusti
1071 803 1272 943 fastigia
1297 805 1428 923 coni,
1556 908 1560 915 ,

361 979 519 1083 Tecta
543 981 648 1081 solo
665 980 908 1117 jungens,
935 1001 1089 1116 atque
1114 977 1283 1078 omnia
1309 977 1521 1078 dextera
1543 978 1727 1103 laevis3

365 1151 622 1255 Donicum
648 1154 701 1252 in
727 1151 998 1255 obscurum
1025 1155 1136 1254 coni
1164 1153 1412 1255 conduxit
1435 1192 1670 1257 acumen.-

432 1327 495 1431 In
522 1331 705 1487 pelago
730 1330 896 1429 nantis
921 1368 985 1427 ex
1011 1328 1162 1430 undis
1187 1350 1343 1449 ortus,
1370 1329 1423 1427 in
1449 1327 1602 1427 undis

365 1502 452 1604 Sol
478 1504 537 1603 fit
561 1503 635 1606 uti
663 1503 896 1604 videatur
920 1500 1077 1619 obire,
1104 1525 1154 1601 et
1181 1502 1398 1602 condere
1422 1503 1616 1623 lumen,

364 1675 575 1816 Quippe
602 1677 691 1777 nbi
718 1678 788 1776 nil
810 1678 944 1778 aliud
974 1678 1070 1777 nisi
1090 1715 1285 1815 aquarn·
1305 1678 1593 1814 coelnmque
1618 1698 1899 1805 tuentum

363 1850 448 1953 Ne
473 1853 652 1952 leviter
675 1852 851 1953 credas
876 1850 1167 1951 labefactari
1192 1852 1424 1989 undique
1444 1889 1634 1953 sensus.

430 2027 501 2126 At
526 2026 675 2125 maris
702 2028 889 2163 ignaris
914 2028 968 2125 in
994 2050 1147 2163 portu
1174 2028 1357 2129 clauda
1379 2028 1617 2131 videntur

363 2197 603 2337 Navigia,
630 2201 870 2338 aplustris
895 2203 1083 2324 fractis,
1111 2203 1335 2305 obnitier
1359 2203 1528 2304 undis.

363 2372 501 2503 Nam
529 2412 851 2513 quaeeunqne
877 2415 1032 2515 supra
1058 2415 1221 2477 rorem
1250 2378 1365 2477 salis
1390 2375 1527 2475 edita
1550 2412 1671 2513 pars
1697 2396 1791 2475 est
1911 2382 1923 2405 ⁴

362 2546 656 2667 Remorum,
683 2573 820 2648 reeta
846 2573 950 2673 est3
990 2572 1041 2649 et
1066 2574 1204 2650 recta
1229 2589 1446 2689 superne
1472 2549 1749 2688 guberna:

364 2717 497 2840 Quae
524 2720 751 2821 demersa
775 2723 976 2860 liquore
1002 2721 1211 2844 obeunt,
1236 2723 1450 2825 refracta
1475 2725 1724 2828 videntur

364 2892 554 2996 Omnia
581 2896 822 3013 converti,
850 2935 1153 3035 sursumque
1180 2901 1363 3036 supina
1387 2905 1570 3003 reverti
1586 2943 1601 3026 ;

363 3067 432 3170 Et
457 3072 649 3170 reflexa
675 3107 833 3208 prope
859 3072 911 3169 in
939 3109 1134 3170 summo
1160 3074 1360 3173 fluitare
1386 3075 1603 3214 liquore.

434 3246 672 3386 Raraque
697 3286 791 3385 per
815 3247 997 3347 ooelum
1023 3284 1179 3385 quom
1204 3252 1341 3350 venti
1367 3250 1545 3353 nubila
1563 3278 1794 3391 portant

360 3420 614 3558 Tempore
641 3444 906 3542 nocturno,
938 3445 1043 3521 turn
1070 3424 1341 3560 splendida
1366 3426 1513 3564 signa
1535 3428 1805 3541 videntur

365 3594 552 3696 Labier
578 3595 842 3696 adversum
869 3597 1084 3720 nimboS,
1112 3622 1265 3738 atque
1291 3601 1364 3699 ire
1384 3639 1601 3738 superne

366 3772 543 3910 Longe
577 3773 726 3871 aliam
751 3773 803 3871 in
830 3793 1025 3909 partem
1051 3811 1204 3910 quarn
1232 3810 1335 3911 quo
1360 3776 1555 3877 ratione
1579 3776 1870 3899 feruntur,

432 3948 504 4048 At
530 3949 570 4049 si
595 3947 728 4047 forte
755 3948 902 4048 oculo
928 3988 1108 4050 manus
1133 3951 1221 4051 uni
1250 3950 1455 4051 subdita
1480 3951 1665 4057 subter

364 4122 714 4243 Promissum,
743 4122 965 4261 quodam
992 4161 1137 4224 sensu
1166 4124 1242 4245 fit,
1268 4127 1344 4225 uti
1368 4126 1644 4229 videantur

367 4300 556 4402 Omnia
580 4337 697 4437 quse
722 4298 919 4398 tuimur
941 4297 1051 4397 fieri
1077 4319 1185 4398 turn
1213 4297 1335 4399 bina
1358 4301 1587 4427 tuend03

365 4476 498 4578 Bina
521 4475 844 4574 lucernarum
869 4473 1104 4572 florentia
1128 4472 1321 4572 lumina
1346 4474 1582 4594 flammis,

366 4650 601 4787 Binaque
626 4685 720 4784 per
744 4669 875 4746 totas
899 4647 1052 4747 aedeis
1077 4646 1335 4783 geminare
1362 4651 1615 4787 supellex,

365 4823 436 4927 Et
460 4823 687 4959 duplices
714 4819 976 4921 hominum
996 4819 1164 4939 facies
1193 4843 1243 4919 et
1269 4859 1480 4959 corpora
1505 4823 1643 4929 bina.

437 4998 678 5136 Denique
706 5035 864 5139 quom
889 4998 1029 5101 suavi
1049 4995 1279 5098 devinxit
1302 4995 1530 5099 membra
1548 5014 1767 5140 sopore'
