4432 5984
382 368 487 479 ire
707 368 767 457 r.
835 364 1268 457 nucnnrrr
1333 364 1545 487 cunr

382 624 604 727 Tantula
628 624 767 762 quod
794 647 991 725 tantum
1018 660 1200 760 corpus
1224 626 1523 761 corpuscula
1545 622 1758 762 possint

386 800 756 937 Contorquere‚
782 820 834 897 et
856 836 984 898 onus
1008 819 1172 897 totum
1199 820 1487 898 convertere
1514 820 1781 899 nostrum.

385 972 593 1111 Quippe
619 974 804 1073 etenim
829 993 1009 1071 ventus
1035 966 1208 1068 subtili
1233 1006 1443 1107 corpore
1466 956 1634 1073 tenuis

380 1144 568 1247 Trudit
592 1183 746 1283 agens
771 1182 1007 1281 magnam
1033 1180 1215 1280 magno
1240 1144 1500 1247 molimine
1517 1144 1725 1267 navim3
1892 1191 1903 1211 ·

382 1316 452 1420 Et
476 1357 654 1418 manus
681 1356 781 1418 una
805 1319 938 1455 regit
963 1318 1229 1455 quantovis
1254 1318 1445 1455 impete
1469 1342 1710 1419 euntem:

379 1496 553 1633 Atque
578 1490 944 1631 gubernaclum
971 1513 1273 1627 contorquet
1297 1492 1529 1631 quolibet
1552 1530 1737 1595 unum.

380 1663 654 1805 Multaque
679 1703 773 1803 per
796 1664 1045 1767 trochleas
1070 1687 1122 1764 et
1144 1686 1389 1802 tympana
1415 1665 1642 1804 pondere
1670 1698 1889 1807 magno

381 1840 692 1959 Commouet,
719 1862 873 1977 atque
899 1840 996 1939 levi
1021 1840 1237 1939 sustollit
1262 1838 1493 1941 machina
1518 1841 1648 1943 nisu.

437 2013 792 2152 Nuucquibus
807 2014 891 2112 ille
906 2012 1068 2112 modis
1083 2050 1286 2114 somnus
1297 2052 1389 2150 per
1405 2013 1897 2155 membraquietem

377 2187 590 2327 inriget,
618 2212 773 2325 atque
799 2188 952 2287 animi
979 2223 1124 2287 curas
1148 2224 1175 2284 e
1201 2209 1406 2324 pectore
1431 2186 1606 2308 solvat,

376 2361 655 2463 Suavidicis
682 2362 851 2498 potius
876 2398 1031 2497 quam
1057 2360 1229 2461 multis
1253 2360 1481 2461 versibus
1506 2361 1651 2463 edam
1672 2404 1690 2488 3

375 2532 568 2635 Parvus
593 2559 653 2636 ut
677 2556 753 2635 est
777 2536 922 2672 cycni
949 2535 1128 2635 melior
1151 2571 1320 2654 canor,
1346 2534 1432 2636 ille
1457 2573 1646 2672 gruum
1673 2574 1859 2677 quam

375 2708 580 2811 Clamor
604 2711 656 2808 iu
685 2706 903 2808 aetheriis
930 2708 1187 2845 dispersus
1211 2707 1434 2809 nubibus
1459 2710 1633 2811 austri.

369 2880 451 2982 Tu
476 2882 600 2981 milri
628 2882 693 2981 (la
718 2882 912 2981 tenueis
938 2881 1119 3001 aureis,
1145 2884 1476 3022 animumque
1500 2921 1768 3021 sagacem,

372 3055 457 3158 Ne
483 3058 594 3157 fieri
620 3054 814 3191 negites
840 3091 958 3191 quae
983 3054 1145 3154 dicam
1172 3093 1347 3191 posse3
1386 3079 1626 3194 retroque

367 3228 504 3331 Vera
527 3229 803 3367 repulsanti
832 3227 1060 3327 discedas
1085 3252 1288 3364 pectore
1308 3230 1474 3330 dicta:

366 3400 607 3505 Tutemet
630 3405 680 3502 in
707 3401 861 3538 culpa
886 3439 1040 3538 quom
1067 3403 1148 3523 sis
1167 3442 1232 3503 ne
1258 3442 1462 3506 cernere
1488 3405 1664 3542 possis

437 3574 696 3713 Principio
722 3613 926 3675 somnus
952 3578 1026 3698 fit,
1053 3577 1144 3679 ubi
1170 3602 1246 3679 est
1270 3580 1508 3679 distracta
1532 3616 1626 3717 per
1649 3604 1813 3687 artus

364 3748 458 3851 Vis
484 3751 682 3868 animae,
708 3749 999 3887 partimque
1023 3752 1154 3852 foras
1180 3752 1340 3891 ejecta
1363 3753 1581 3872 recessit,

365 3921 436 4024 Et
460 3924 644 4060 partim
670 3943 906 4022 contrusa
929 3925 1089 4062 magis
1115 3928 1358 4028 concessit
1381 3927 1435 4027 in
1460 3926 1649 4027 altum:

366 4098 727 4201 Dissolvuutur
752 4101 887 4197 enim
912 4122 1023 4199 tum
1048 4101 1252 4201 demum
1277 4098 1521 4218 membra,
1544 4100 1880 4245 fluuntque.-

366 4271 505 4374 Nam
532 4270 746 4372 dubium
771 4311 873 4371 non
900 4295 991 4392 est,
1018 4274 1202 4373 animai
1229 4274 1354 4412 quin
1378 4310 1532 4409 opera
1557 4273 1622 4371 sit

364 4448 552 4550 Sensus
576 4446 659 4547 hic
686 4447 737 4545 in
764 4444 926 4567 nobis,
953 4485 1109 4585 quem
1133 4486 1289 4587 quom
1316 4483 1465 4583 sopor
1489 4445 1708 4583 impedit
1735 4488 1883 4579 esse,

361 4620 494 4723 Tum
521 4619 667 4720 nobis
693 4621 911 4719 animam
935 4619 1283 4758 perturbatam
1303 4658 1408 4721 esse
1428 4618 1722 4755 putandum
1751 4652 1863 4755 est,

363 4795 697 4934 Ejectamque
719 4795 869 4915 foraS,
895 4834 997 4903 non
1022 4833 1253 4919 omnem3
1290 4830 1512 4931 namque
1529 4791 1733 4931 jaceret

360 4970 575 5073 AEterno
600 5006 783 5107 corpus
807 4968 1073 5108 perfusum
1097 4968 1285 5106 frigore
1309 4964 1465 5067 lethi:
