4432 5984
364 333 426 423 18
675 335 734 420 Τ.
803 326 1233 420 LUCRETII
1298 321 1511 414 CARI

361 589 499 693 Nam
526 631 632 732 quo
652 591 1013 729 squammigeri
1038 608 1285 728 poterunt
1302 581 1577 721 procedere
1595 566 1823 693 tandem,

362 764 437 866 Ni
457 767 684 903 spatium‘
703 764 940 864 dederint
962 763 1170 862 latices!
1209 760 1485 860 concedere
1510 796 1663 895 porro

363 937 483 1060 Quo
507 961 750 1078 poterunt
773 938 1085 1070 undae,‚cum
1112 933 1273 1072 pisces
1299 934 1370 1031 ire
1395 929 1718 1071 nequibunt?

362 1115 470 1215 Aut
488 1117 647 1253 igitur
664 1136 803 1213 motu
830 1110 1136 1250 privandum
1161 1131 1237 1208 est
1254 1144 1465 1245 corpora
1490 1141 1730 1243 quaeque,

204 1310 218 1325 ¹
363 1290 472 1392 Aut
496 1329 602 1390 esse
621 1289 893 1390 admistum
919 1284 1193 1386 dicendum
1219 1306 1295 1382 est
1313 1280 1465 1384 rebus
1491 1280 1667 1402 Inane,

366 1461 520 1565 Unde
539 1464 740 1562 initium
767 1461 987 1597 primurn
1013 1456 1181 1593 capiat
1204 1493 1284 1558 res
1301 1494 1523 1596 quaeque
1550 1455 1801 1557 movendi.

180 1708 185 1718 ‚
334 1716 336 1721 -
437 1636 702 1738 Postremo
728 1636 833 1736 duo
861 1635 926 1734 de
952 1669 1432 1769 concursocorpora
1450 1632 1554 1732 lata

369 1813 424 1913 Si
444 1815 543 1915 cita
568 1813 831 1929 dissiliant,
858 1845 1042 1944 nempe
1062 1810 1148 1906 aer
1166 1843 1313 1905 omne
1339 1843 1540 1907 necesse
1566 1829 1656 1926 est,

369 1983 513 2088 Inter
538 2023 753 2123 corpora
779 1982 922 2122 quod
942 1981 1098 2100 fuvat,
1124 1980 1348 2118 possidat
1374 1977 1549 2082 Inane.

369 2157 423 2262 Is
441 2198 610 2297 porro,
639 2159 869 2298 quamvis
895 2158 1083 2257 circum
1103 2153 1440 2256 celerantibus
1460 2156 1594 2255 auris

374 2333 630 2454 Confluat,
657 2332 796 2436 haud
815 2332 1003 2470 poterit
1026 2353 1196 2430 tamen
1221 2367 1326 2428 uno
1344 2352 1572 2467 tempore
1599 2350 1763 2429 totum
1910 2408 1915 2415 .

375 2505 638 2648 Compleri
654 2510 895 2647 spatium:
919 2541 1035 2604 nam
1051 2504 1275 2640 primum
1294 2539 1554 2641 quemque
1570 2539 1769 2602 necesse
1784 2525 1861 2602 est

376 2680 614 2822 Occupet
640 2684 723 2783 ille
749 2684 934 2801 locum,
963 2679 1147 2780 deinde
1167 2680 1336 2780 omnia
1352 2679 1692 2818 possidentur.

448 2854 602 2976 Quod
630 2858 671 2957 si
696 2856 825 2956 forte
851 2857 1052 2994 aliquiS,
1079 2893 1197 2956 cum
1221 2892 1433 2992 corpora
1457 2853 1734 2973 dissiluere,
1838 2883 1840 2889 ·

373 3030 509 3132 Tum
533 3052 684 3169 putat
707 3028 758 3128 id
787 3029 911 3149 fieri,
940 3028 1062 3166 quia
1087 3066 1137 3126 se
1157 3029 1461 3129 condenseat
1479 3031 1580 3147 aer,

377 3204 552 3329 Errat3
591 3242 709 3304 nam
727 3241 944 3304 vacuum
959 3225 1070 3302 turn
1090 3205 1164 3324 fit,
1193 3204 1331 3345 quod
1353 3243 1453 3303 non
1480 3202 1579 3303 fuit
1598 3223 1730 3321 ante,

378 3365 449 3467 Et
467 3368 696 3505 repletur
720 3368 841 3466 item
861 3404 1077 3465 vacuum
1104 3367 1244 3504 quod
1263 3367 1488 3468 constitit
1506 3387 1621 3464 ante
1638 3405 1652 3487 3

379 3537 494 3643 Nec
518 3541 608 3641 tali
633 3540 825 3640 ratione
850 3562 1018 3677 potest
1042 3539 1296 3642 denserier
1320 3545 1420 3660 aer,

379 3714 432 3818 N
438 3754 511 3836 ec,
539 3717 579 3816 si
597 3715 705 3852 jam
730 3737 914 3851 posset,
942 3717 1048 3816 sine
1075 3714 1222 3816 Inani
1248 3739 1433 3854 posset,
1460 3716 1656 3851 opinor,

381 3891 446 3992 Se
472 3893 580 4029 ipse
606 3893 660 3991 in
686 3928 737 3988 se
763 3888 978 4009 trahere,
1006 3914 1057 3989 et
1082 3894 1268 4027 parteis
1295 3889 1575 3991 conducere
1600 3891 1654 3989 in
1678 3926 1860 3990 unum:

383 4065 726 4205 Quapropter,
753 4067 983 4203 quamvis
1001 4067 1253 4168 causando
1272 4065 1432 4165 multa
1456 4064 1679 4181 moreris,
1754 4100 1758 4109 ’
1808 4064 1811 4070 ’

383 4239 506 4343 Esse
526 4241 580 4340 in
604 4239 757 4340 rebus
785 4237 942 4340 Inane
969 4262 1136 4342 tamen
1162 4241 1349 4341 fateare
1375 4276 1574 4339 necesse
1601 4261 1693 4345 est.

453 4413 727 4555 Multaque
746 4439 994 4554 praeterea
1016 4415 1112 4518 tibi
1136 4455 1341 4555 possum
1361 4411 1798 4513 commemorando

380 4587 717 4726 Argumenta,
744 4590 898 4690 fidem
925 4591 1071 4691 dictis
1097 4591 1368 4690 conradere
1394 4572 1605 4712 nostris3

381 4761 576 4865 Verum
602 4766 769 4862 animo
795 4765 912 4863 satis
939 4760 1048 4862 haeo
1072 4763 1285 4900 vestigia
1309 4799 1464 4899 parva
1489 4764 1654 4900 sagaci

270 4984 275 4991 ·
382 4935 534 5060 Sunt,
554 4974 646 5076 per
665 4976 782 5078 quae
807 4938 965 5076 possis
990 4975 1289 5075 cognoscere
1316 4960 1496 5037 caetera
1520 4959 1658 5038 tute:
