4432 5984
364 365 463 475 170
697 368 757 467 T·
817 364 1245 459 LUCRETII
1309 368 1521 460 CARI

364 629 531 750 Quam
559 627 704 728 daret
727 627 981 765 objectum
1008 638 1200 767 parmai
1221 630 1349 729 laeva
1366 665 1460 764 per
1483 651 1660 734 artem.

433 800 636 901 Scilicet
660 822 713 899 et
736 799 924 900 fessum
950 841 1133 940 corpus
1158 801 1397 903 mandare
1423 803 1582 939 quieti

363 978 534 1079 Multo
560 979 818 1115 antiquius
844 1001 934 1099 est,
956 1017 1110 1117 quam
1134 977 1251 1076 lecti
1276 974 1447 1073 mollia
1472 998 1656 1079 strata:

363 1151 432 1257 Et
456 1153 630 1252 sedare
656 1153 788 1251 sitim
814 1152 955 1290 prius
980 1174 1071 1271 est,
1100 1186 1253 1289 quam
1279 1149 1477 1284 pocula,
1498 1172 1692 1255 natum.

364 1322 492 1426 Haec
516 1326 674 1462 igitur
698 1346 902 1465 possent
927 1322 1105 1424 utendi
1131 1322 1333 1459 cognita
1358 1360 1505 1422 causa

363 1497 589 1619 Credier,
617 1538 682 1597 cx
705 1537 800 1599 usu
830 1537 945 1637 quae
972 1500 1312 1637 suntvitaque
1338 1521 1557 1636 reperta.
1714 1554 1719 1561 ·

363 1669 458 1771 Illa
483 1675 690 1811 quidem
718 1711 938 1773 seorsum
962 1696 1083 1773 sunt
1107 1673 1291 1791 omnia,
1321 1709 1438 1809 quae
1462 1671 1605 1807 prius
1630 1670 1746 1811 ipsa

363 1843 518 1966 Nata,
546 1846 731 1945 dedere
757 1883 861 1947 suae
884 1871 999 1985 post
1024 1848 1253 1948 notitiam
1279 1844 1539 1946 utilitatis:

362 2020 481 2140 Quo
506 2059 690 2158 genere
717 2021 768 2118 in
794 2023 968 2156 primis
994 2059 1166 2121 sensus
1185 2045 1236 2121 et
1262 2018 1488 2121 membra
1510 2018 1760 2123 videmus.

362 2192 535 2313 Quare
560 2196 710 2293 etiam
730 2217 886 2331 atque
908 2193 1058 2293 ctiam
1078 2193 1256 2330 procul
1276 2215 1354 2292 est
1377 2214 1431 2291 ut
1449 2191 1654 2293 credere
1673 2196 1852 2333 possis,

359 2365 607 2467 Utilitatis
631 2364 697 2464 ob
717 2366 935 2465 officium
962 2368 1184 2503 potuisse
1210 2366 1381 2466 creari.

429 2538 568 2639 Illud
593 2541 713 2638 item
739 2576 842 2637 non
870 2562 946 2638 est
972 2539 1278 2658 mirandum,
1304 2538 1525 2674 corporis
1549 2537 1661 2675 ipsa

243 2784 249 2797 ·
363 2714 515 2835 Quod
543 2738 724 2814 natura
749 2712 920 2814 cibum
949 2715 1135 2850 quaerit
1159 2714 1444 2853 quoiusque
1465 2712 1734 2813 animantis
1749 2754 1766 2836 ;

363 2888 570 3027 Quippe
596 2892 783 2989 etenim
809 2892 969 2989 fluere
990 2911 1143 3026 atque
1170 2889 1402 2988 recedere
1427 2921 1638 3021 corpora
1660 2882 1816 2985 rebus

362 3062 533 3163 Multa
557 3065 718 3163 modis
743 3063 915 3161 multis
942 3062 1108 3181 docui,
1135 3063 1222 3161 sed
1247 3062 1467 3199 plurima
1492 3057 1684 3159 debent

363 3233 443 3334 Ex
470 3234 769 3334 animalibus
795 3235 854 3332 iis
882 3272 1000 3369 quae
1025 3257 1144 3333 sunt
1169 3235 1388 3333 exercita
1414 3255 1586 3355 motu3

363 3404 636 3544 Multaque
661 3445 755 3543 per
780 3406 1015 3505 sudorem
1042 3446 1107 3505 ex
1133 3408 1234 3506 alto
1258 3444 1430 3543 pressa
1448 3405 1699 3529 feruntur,

363 3576 534 3679 Multa
559 3618 728 3717 poros
754 3578 1072 3701 exhalantur,
1099 3619 1254 3717 quom
1279 3580 1521 3717 languida
1546 3579 1803 3685 anhelant.

364 3751 461 3853 His
486 3754 643 3890 igitur
666 3752 816 3852 rebus
841 3755 1045 3853 rarescit
1071 3792 1287 3891 corpus3
1325 3776 1377 3853 et
1393 3757 1555 3855 omnis

363 3926 640 4029 Subruitur
664 3949 860 4047 natura,
889 3928 1032 4027 dolor
1059 3967 1213 4066 qnam
1238 3929 1564 4066 consequitur
1588 3965 1728 4033 rem:

362 4099 640 4238 Propterea
664 4102 863 4237 capitur
887 4101 1045 4222 cibus,
1073 4125 1132 4202 ut
1156 4102 1410 4203 suffulciat
1433 4124 1588 4222 artuS,

360 4273 430 4375 Et
454 4299 645 4376 recreet
670 4276 816 4375 vireis
844 4276 1141 4395 interdatuS,
1168 4298 1322 4413 atque
1348 4298 1609 4412 patentem

361 4448 462 4573 Per
486 4447 711 4549 membra
737 4488 793 4549 ac
819 4487 968 4550 venas
996 4460 1053 4548 'ut
1077 4486 1296 4548 amorem
1323 4449 1530 4551 obturet
1553 4451 1756 4559 edendi.

431 4621 633 4722 Humor
657 4624 777 4721 item
804 4624 1017 4724 discedit
1041 4625 1093 4722 iu
1119 4625 1288 4723 omnia
1312 4662 1429 4761 quae
1453 4626 1564 4725 loca
1588 4664 1793 4770 cunque

360 4792 583 4895 Poscunt
607 4793 887 4916 humorem,
914 4797 1292 4937 glomerataque
1319 4800 1478 4898 multa
1501 4803 1703 4937 vaporis

361 4968 604 5110 Corpora,
632 5008 750 5109 quae
775 4968 1031 5071 stomacho
1056 4969 1290 5109 praebeut
1313 4973 1547 5076 incendia
1571 4996 1760 5099 nostro,
