4432 5984
359 300 430 422 76
677 305 739 396 r.
806 303 1244 457 uncaurn
1308 301 1525 398 canl
1632 432 1636 451 Ι

366 570 505 680 Nam
532 604 690 709 quom
709 567 974 705 caecigeni,
1000 567 1116 668 solis
1141 567 1233 706 qui
1256 564 1457 667 lumina·
1472 546 1785 713 nunquam

361 746 678 885 Adspexere‚
703 763 874 843 tamen
899 767 1210 881 cognoscant
1232 780 1445 881 corpora
1466 763 1623 861 tactu,
1699 780 1704 795 ·

367 918 450 1020 Ex
475 919 683 1019 ineunte
708 952 817 1022 aevo
840 916 983 1016 nullo
1007 916 1262 1019 contincta
1284 915 1482 1038 colore;

367 1091 508 1193 Scire
532 1090 651 1189 licet
675 1089 833 1188 menti
857 1125 1068 1227 quoque
1093 1111 1278 1190 nostrae
1302 1125 1516 1226 corpora
1538 1094 1711 1225 pusse'
1813 1162 1819 1171 -

367 1261 516 1365 Verti
540 1263 592 1362 in
620 1260 853 1362 notitiam
878 1259 1021 1362 nullo
1045 1261 1327 1365 circumlita
1352 1261 1483 1363 fuco.
1518 1310 1523 1319 ·

367 1435 610 1574 Denique
636 1472 728 1533 nos
753 1433 850 1570 ipsi
870 1433 1016 1534 caecis
1041 1459 1363 1575 quaecunque
1389 1438 1615 1541 tenebris

365 1608 664 1748 Tangimus,
691 1605 830 1711 baud
857 1606 963 1707 ullo
982 1610 1225 1711 sentimus
1249 1612 1410 1711 tincta
1433 1611 1617 1711 colore.
1751 1702 1759 1715 .

329 1825 334 1835 ’
440 1781 598 1904 Quod
623 1783 1036 1922 quoniam-vinco
1061 1783 1187 1904 fieri,
1214 1822 1350 1886 nunc
1379 1822 1486 1887 esse
1512 1780 1721 1886 docebo.

369 1958 554 2083 Omnis
577 1959 714 2059 enim
740 1958 879 2059 color
904 1962 1110 2061 omnino
1135 1983 1361 2061 mutatur
1385 1960 1436 2060 in
1464 1961 1686 2060 omneis:

371 2130 525 2253 Quod
545 2133 710 2234 facere
736 2129 874 2232 haud
896 2134 1003 2234 ullo
1028 2133 1218 2235 debent
1240 2132 1520 2271 primordia
1542 2140 1694 2269 pacto
1709 2169 1732 2269 ;ι

370 2305 697 2411 Immutabile
722 2306 861 2407 enim
886 2306 1132 2445 quiddam
1158 2344 1396 2444 superare
1421 2341 1627 2406 necesse
1647 2314 1746 2426 est,

372 2477 460 2583 Ne
486 2517 566 2580 res
590 2478 663 2595 ad
682 2477 899 2581 nihilum
925 2479 1225 2619 redigantur
1246 2480 1479 2583 funditus
1503 2516 1693 2581 omnes.

372 2651 513 2757 Nam
539 2652 890 2792 quodcunque
914 2657 1016 2757 suis
1041 2678 1294 2758 mutatum
1320 2653 1508 2756 finibus
1533 2655 1656 2774 exit,

374 2826 633 2928 Continuo
658 2823 754 2926 hcc
780 2851 1009 2929 moreest
1032 2830 1169 2930 illius
1196 2829 1333 2968 qnod
1363 2829 1463 2930 fuit
1478 2850 1622 2932 ante.

373 2997 597 3101 Proinde
623 3000 788 3100 colore
814 3038 932 3102 cave
958 3002 1221 3140 contingas
1247 3003 1438 3104 semina
1460 3041 1647 3121 rerum,

378 3172 463 3274 Ne
490 3172 584 3272 tibi
610 3211 689 3273 res
714 3173 926 3274 redeant
951 3173 1015 3273 ad
1042 3176 1203 3276 nilum
1228 3160 1463 3277 funditus
1487 3213 1678 3278 omnes.

375 3347 650 3467 Praeterea‚
678 3349 718 3449 si
744 3349 888 3449 nulla
912 3349 1090 3451 coloris
1118 3351 1378 3487 principiis
1403 3373 1480 3450 est

378 3518 601 3620 Reddita
625 3543 825 3641 natura,
847 3545 900 3622 at
923 3526 1071 3624 variis
1097 3548 1216 3625 sunt
1242 3526 1457 3662 praedita
1481 3523 1672 3643 formis,

379 3693 427 3795 Ε
453 3694 641 3832 quibus
667 3696 963 3833 omnigenos
988 3699 1210 3835 gignunt
1232 3702 1530 3837 variantque
1555 3696 1806 3822 colores3·

380 3867 662 4004 (Praeterea
686 3874 854 4009 magni
885 3872 1022 4010 quod
1052 3871 1207 3972 refert
1231 3874 1422 3972 semina
1446 3912 1672 4013 quaeque

384 4039 517 4142 Cum
545 4039 750 4179 quibus,
777 4065 829 4141 et
854 4046 995 4181 quali
1022 4046 1247 4181 positura
1271 4048 1643 4168 contineantur,

383 4217 452 4319 Et
477 4255 605 4355 quos
630 4219 765 4316 inter
790 4256 842 4318 se
869 4216 993 4316 dent
1017 4239 1182 4317 motus
1208 4218 1586 4356 accipiantque)
1705 4268 1710 4275 ·

382 4389 627 4493 Perfacile
654 4392 911 4527 externplo
929 4393 1173 4491 rationem
1200 4389 1412 4491 reddere
1432 4392 1610 4531 possis,
1643 4442 1647 4447 ·

386 4563 494 4666 Cur
517 4600 738 4700 ea‚,quae
763 4565 911 4700 nigro
936 4563 1126 4663 fuerint
1149 4567 1322 4702 paullo
1347 4590 1464 4667 ante
1490 4568 1681 4688 colore,'
1712 4612 1747 4619 ···

386 4736 674 4836 Marmoreo
701 4735 806 4833 fieri
829 4738 1024 4871 possint
1049 4738 1265 4838 candore
1290 4762 1531 4876 repente:
1552 4787 1560 4797 ’·
1592 4790 1599 4801 ·

385 4907 462 5014 Ut
486 4948 641 5028 mare,
670 4947 835 5047 quom
853 4912 1370 5049 magnircommdrunt
1395 4921 1604 5052 aequora
1624 4915 1780 5035 venti,
1814 4953 1833 4963 ··
1907 4887 1913 4895 ι
