4432 5984
358 344 458 459 194
679 348 740 435 T.
802 342 1243 437 ¹LUCRETII
1308 340 1522 433 CARI

360 608 475 713 Nec
501 643 649 708 eruor
672 606 725 705 in
749 604 919 743 ligula,
947 642 1038 704 neo
1066 602 1198 703 saxis
1224 639 1402 703 succus
1427 601 1618 722 inesse3

363 783 572 886 Certum
587 817 645 878 ao
665 776 963 914 dispositum
976 801 1051 879 est
1066 775 1156 878 ubi
1172 776 1426 915 quidquid
1443 796 1633 877 creseat
1647 794 1704 873 et
1722 768 1896 871 insit:

364 956 447 1056 Sic
472 953 627 1054 animi
653 973 835 1050 natura
854 953 1033 1090 nequit
1057 954 1164 1054 sine
1184 992 1393 1091 corpore
1419 954 1541 1055 oriri

365 1132 500 1252 Sola,
527 1166 696 1266 neque
721 1165 752 1226 a
775 1128 940 1227 nervis
965 1148 1017 1225 et
1042 1130 1287 1265 sanguine
1313 1127 1514 1266 longius
1540 1164 1665 1226 esse.

367 1304 480 1405 Hoc
507 1306 547 1405 si
573 1325 741 1440 posset
765 1302 917 1419 euim,
943 1299 1106 1399 multo
1131 1302 1275 1438 prius
1298 1303 1409 1438 ipsa
1433 1300 1587 1401 animi
1612 1298 1688 1399 vis

367 1478 427 1580 In
456 1479 636 1615 eapite,
665 1498 754 1576 aut
779 1472 1021 1593 humeris,
1048 1496 1138 1574 aut
1163 1476 1275 1576 imis
1300 1472 1522 1575 calcibus
1541 1508 1648 1572 esse

367 1656 559 1775 Posset,
587 1675 639 1754 et
662 1653 854 1753 innasci
881 1653 1058 1790 quavis
1084 1652 1133 1750 in
1162 1670 1304 1787 parte
1331 1646 1542 1747 soleret:

365 1828 596 1931 Tandem
633 1827 686 1925 in
741 1824 919 1926 eodem
963 1821 1182 1946 homine,
1233 1844 1389 1961 atque
1425 1821 1479 1919 in
1527 1818 1709 1923 eodem
1751 1860 1892 1925 vase
1990 1826 1997 1839 '

388 1978 393 1989 ’
505 2021 748 2101 maneret.
1755 2012 1758 2017 ’

328 2252 333 2259 -
371 2174 525 2296 Quod
536 2175 775 2312 quoniam
786 2173 838 2272 in
851 2194 1436 2312 nostroquoqueeonstat
1447 2192 1889 2309 corporeoertum

370 2347 793 2486 Dispositumque
818 2348 1021 2449 videtur
1045 2349 1135 2450 ubi
1155 2387 1261 2449 esse
1287 2371 1339 2448 et
1363 2383 1583 2446 erescere
1608 2346 1777 2482 possit

372 2521 1889 2660 Seorsumanima,atqueanimus3tantomagisinlieiandum
1986 2510 1996 2525 ’

369 2693 416 2794 T
417 2717 557 2796 otum
588 2733 730 2832 posse
757 2717 902 2795 extra
927 2733 1111 2833 eorpus
1137 2694 1321 2794 durare
1348 2696 1589 2833 genique.

374 2868 564 2988 Quare,
591 2906 777 3005 corpus
803 2867 892 2969 ubi
919 2871 1127 2989 interiit,
1154 2870 1361 3007 periisse
1387 2907 1587 2969 neeesse
1613 2892 1690 2969 est

376 3040 663 3143 Confiteare
689 3044 906 3157 animam
934 3043 1222 3143 distractam
1248 3042 1298 3140 in
1327 3079 1536 3178 corpore
1562 3063 1685 3144 toto.

446 3213 657 3353 Quippe
683 3218 869 3316 etenim
895 3217 1107 3319 mortale
1130 3238 1321 3315 aeterno
1338 3215 1575 3353 jungere,
1601 3235 1655 3315 et
1679 3254 1792 3321 una

375 3391 673 3494 Consentire
699 3413 897 3528 putare,
925 3412 977 3489 et
994 3389 1140 3527 fungi
1167 3412 1344 3490 mutua
1370 3427 1530 3525 posse,

377 3566 626 3703 Desipere
652 3586 755 3663 est:
787 3564 909 3699 quid
929 3566 1064 3665 enim
1080 3563 1325 3666 diversius
1344 3604 1449 3666 esse
1469 3568 1760 3704 putandum
1777 3596 1891 3699 est,

375 3743 485 3879 Aut
507 3740 669 3875 magis
694 3739 827 3837 iuter
853 3776 904 3838 se
929 3740 1241 3877 disjunctum
1268 3742 1720 3885 discrepitansque,

380 3914 567 4036 Quam,
595 3912 805 4012 mortale
833 3914 971 4049 quod
999 3935 1090 4032 est,
1117 3913 1387 4015 immortali
1414 3939 1568 4055 atque
1593 3922 1816 4056 perenni

377 4090 411 4193 J
415 4112 644 4208 unctum,
668 4089 722 4187 in
749 4088 959 4188 concilio
985 4125 1139 4188 saevas
1164 4088 1376 4188 tolerare
1403 4093 1678 4228 procellas!
1815 4116 1821 4125 '

450 4265 721 4386 Praeterea,
749 4300 1071 4403 quaeounque
1097 4285 1304 4362 manent
1329 4285 1532 4386 aeterna,
1553 4303 1756 4403 neeesse
1778 4292 1891 4395 est,

380 4442 491 4544 Aut
515 4441 636 4579 quia
662 4461 780 4538 suut
804 4439 963 4539 solido
989 4477 1103 4538 oum
1130 4477 1338 4577 corpore
1364 4476 1599 4575 respuere
1623 4440 1777 4562 icturi,

385 4613 499 4716 Neo
518 4635 787 4750 penetrare
799 4613 911 4747 ‚pati
937 4610 1032 4710 sibi
1054 4612 1358 4751 quidquam,
1375 4615 1514 4751 quod
1534 4638 1690 4754 queat
1706 4620 1897 4727 arctas

384 4787 673 4892 Dissooiare
694 4787 832 4887 intus
857 4786 1073 4923 parteis3
1111 4807 1171 4885 ut
1194 4789 1421 4889 materiai
1684 4794 1688 4799 ’

386 4960 615 5103 Corpora
637 4982 771 5083 sunt,
800 4996 1030 5101 quorum.
1044 4980 1278 5062 naturam
1302 4962 1614 5067 ostendimus
1637 4983 1757 5069 ante
1770 5004 1792 5092 3
