4432 5984
368 363 482 475 278
714 363 774 452 T.
842 356 1273 452 LUCRETII
1340 363 1550 455 CARI

382 624 613 729 Rarescit
639 623 761 762 quia
785 636 922 721 terra
946 620 1126 743 calore,
1155 645 1206 722 et
1231 625 1421 725 semina
1448 626 1597 766 siqua
1675 659 1678 668 “

386 800 538 902 Forte
562 797 763 936 vaporis
789 794 959 906 habet,
984 831 1200 934 propere
1227 799 1438 900 dimittit
1463 802 1514 901 in
1543 838 1703 902 auras.

388 976 507 1098 Quo
533 974 694 1111 magis
719 994 795 1072 est
819 973 978 1109 igitur
1001 971 1153 1097 tellus
1179 971 1378 1076 adfecta
1403 977 1583 1097 calore,

387 1150 503 1254 Hoc
529 1151 587 1250 fit
612 1147 860 1287 frigidior,
890 1146 981 1284 qui
1006 1146 1060 1246 iu
1084 1168 1221 1246 terra
1245 1172 1323 1248 est
1346 1130 1566 1272 abditus,
1593 1148 1790 1251 humor.

387 1325 596 1464 Frigore
624 1361 779 1462 quom
806 1321 1056 1459 premitur
1080 1358 1234 1459 porro
1260 1324 1422 1424 omnis
1446 1347 1597 1447 terra,
1625 1329 1845 1467 coitque,

388 1501 459 1604 Et
485 1500 629 1641 quasi
655 1499 958 1621 concrescit3
995 1496 1057 1597 fit
1082 1496 1285 1618 seilicet,
1312 1521 1371 1597 ut
1395 1500 1625 1600 coeundo

388 1676 658 1817 Exprimat
682 1675 732 1774 in
761 1694 963 1810 puteos,
981 1671 1021 1771 si
1048 1708 1203 1809 quem
1229 1673 1362 1811 gerit
1386 1674 1511 1812 ipsa,
1532 1676 1765 1783 calorem.

458 1851 582 1952 Esse
609 1849 748 1989 apud
773 1847 1037 1948 Ammonis
1062 1820 1376 1948 fanumfons
1401 1850 1513 1950 luce
1539 1851 1723 1965 diurna

388 2025 641 2166 Frigidus,
670 2047 720 2124 at
744 2024 940 2124 calidus
965 2043 1214 2123 nocturno
1239 2045 1466 2162 tempore
1492 2026 1681 2128 fertur:

390 2207 546 2308 Hune
571 2205 802 2305 homines
826 2202 1019 2305 fontem
1044 2200 1193 2302 nimis
1218 2199 1550 2321 admirantur,
1577 2224 1630 2302 et
1654 2204 1756 2304 acri

366 2382 505 2509 ‘Sole
531 2402 716 2520 putant
741 2379 915 2480 subter
938 2400 1097 2477 terras
1121 2376 1396 2478 fervescere
1422 2376 1625 2512 raptim,

389 2557 513 2660 Nox
540 2556 627 2657 ubi
654 2553 868 2654 terribili
894 2578 1051 2655 terras
1077 2555 1292 2693 caligine
1318 2553 1447 2692 texit
1462 2591 1475 2676 3

390 2733 541 2856 Quod
572 2734 720 2834 nimis
747 2770 776 2832 a
799 2769 918 2832 vera
942 2752 1021 2829 est
1045 2731 1198 2867 longe
1223 2730 1418 2828 ratione
1443 2748 1723 2829 remotum:

389 2905 599 3046 Quippe
619 2905 706 3007 ubi
736 2906 808 3005 sol
834 2906 1031 3005 nudum
1057 2925 1378 3005 contrectans
1401 2939 1585 3039 corpus
1611 2913 1778 3042 aquai,

388 3079 512 3186 Non
541 3083 728 3222 quierit
753 3079 972 3228 calidum
999 3117 1182 3216 supera
1207 3079 1270 3178 de
1296 3079 1509 3178 reddere
1534 3102 1697 3217 parte,

390 3254 563 3377 Quom
591 3294 833 3393 superum
859 3257 1033 3353 lumen
1060 3275 1202 3352 tanto
1227 3253 1425 3354 fervore
1446 3252 1674 3356 fruatur:

390 3430 495 3551 Qut
521 3453 680 3568 queat
704 3428 803 3549 hic,
833 3426 1008 3528 subter
1032 3449 1134 3525 tam
1162 3465 1325 3528 crasso
1352 3466 1571 3567 corpore·
1587 3451 1789 3550 terram,

389 3603 708 3742 Pereoquere
736 3579 1016 3724 humorem,
1043 3624 1095 3702 et
1121 3601 1284 3702 calido
1310 3603 1495 3701 sociare
1521 3605 1728 3740 vapori?

389 3777 679 3905 Praesertim
708 3814 865 3915 quom
892 3778 977 3877 vix
1003 3777 1161 3913 possit
1183 3815 1277 3914 per
1302 3799 1447 3914 septa
1464 3777 1729 3877 domorum

391 3951 656 4054 Insinuare
682 3987 828 4050 suurn
857 3951 1010 4078 radiis
1035 3949 1332 4049 ardentibus
1358 3953 1572 4050 aestum?

345 4204 348 4217 ι
463 4126 596 4249 Quae
618 4129 750 4279 patio
777 4151 853 4228 est
878 4129 1068 4265 igitur?
1106 4125 1345 4224 nimirum
1365 4147 1500 4224 terra
1524 4126 1684 4263 magis
1711 4125 1851 4264 quod

389 4302 526 4406 Rara
550 4325 690 4403 tenet
715 4304 903 4403 circum
929 4300 1065 4402 hune
1090 4299 1284 4401 fontem
1305 4339 1461 4440 quam
1481 4324 1663 4401 caetera
1686 4303 1869 4428 tellus3

378 4477 666 4617 Multaque
693 4501 812 4579 sunt
836 4479 969 4617 ignis
995 4514 1155 4615 prope
1181 4478 1372 4577 semina
1397 4514 1580 4614 corpus
1604 4485 1773 4615 aquai.

392 4650 531 4779 Hinc
557 4651 646 4753 ubi
673 4652 892 4753 roriferis
919 4676 1102 4753 terram
1129 4691 1232 4753 nox
1257 4652 1430 4754 obruit
1453 4651 1663 4775 umbris,

370 4824 668 4966 Extemplo
694 4826 1123 4968 subtusfrigescit
1147 4852 1297 4949 terra,
1324 4829 1544 4968 coitque.

393 4998 504 5048 Ἰ·
532 5002 727 5127 ratione
751 4994 827 5124 fit,
853 5027 1202 5149 ut,·tanquam
1229 5042 1513 5145 compressa
1537 5043 1692 5108 manu
1718 5004 1798 5126 sit,
