4432 5984
642 383 915 475 ursnu
978 355 1459 485 sncunnus.
1734 382 1802 483 65

305 635 376 741 Et
398 678 675 779 procursus
693 643 813 744 item
839 644 891 744 in
919 644 1139 782 proclive
1163 647 1401 750 volubilis
1427 674 1606 755 exstat.

376 816 566 919 Omnia
589 842 844 957 postremo
870 856 987 957 quae
1012 844 1204 958 puncto
1229 846 1457 963 tempore
1482 828 1646 929 cernis

304 990 1121 1132 Diffugere‚utfumum,nebulas
1134 998 1482 1138 flammasque,
1494 1011 1693 1103 necesse
1705 1026 1795 1125 est,

304 1166 359 1267 Si
384 1170 551 1270 minus
576 1171 746 1269 omnia
770 1192 889 1270 sunt
914 1208 941 1269 e
968 1169 1179 1271 laevibus
1205 1195 1361 1312 atque
1388 1175 1634 1296 rotundis,

300 1342 373 1444 At
397 1383 499 1442 non
526 1381 632 1443 esse
656 1365 824 1444 tamen
851 1343 1110 1481 perplexis
1135 1345 1454 1484 indupedita,

302 1515 539 1655 Pungere
565 1518 639 1617 uti
665 1519 861 1655 possint
885 1556 1085 1657 corpus,
1114 1546 1484 1663 penetrareque
1511 1562 1660 1649 saxa3

302 1688 356 1791 N
361 1730 416 1791 ec
442 1714 610 1790 tamen
637 1689 829 1792 haerere
854 1694 987 1794 inter
1010 1733 1079 1815 se,
1108 1698 1248 1835 quod
1275 1699 1493 1838 quisque
1518 1699 1746 1802 videmus

302 1867 543 1969 Sentibus
569 1906 674 1968 esse
700 1867 907 1972 datum:
944 1869 1090 1972 facile
1110 1894 1168 1972 ut
1191 1909 1492 2010 cognoscere
1516 1875 1677 2011 possis

303 2041 427 2146 Non
455 2043 775 2182 eperplexis,
805 2043 892 2143 sed
919 2046 1077 2144 acutis
1103 2082 1219 2153 esse,
1234 2044 1511 2146 elementis.

372 2218 474 2318 Sed
493 2218 629 2357 quod
648 2218 969 2319 amaravides
989 2219 1183 2339 eadem,
1200 2255 1319 2356 quae
1333 2220 1527 2321 fluvida
1544 2244 1795 2348 constant,

302 2394 471 2496 Sudor
495 2395 570 2494 uti
596 2396 747 2495 maris
771 2416 862 2515 est,
889 2395 1096 2493 minime
1120 2393 1174 2492 id
1199 2392 1429 2493 mirabile
1456 2391 1771 2503 habendum.

301 2568 440 2671 Nam
467 2569 606 2708 quod
631 2569 879 2670 fluvidum
906 2566 997 2688 e'st3
1025 2606 1052 2667 e
1081 2567 1290 2669 laevibus
1316 2552 1472 2706 atque
1498 2573 1736 2677 rotundis

300 2744 408 2869 Est,
437 2768 490 2847 at
513 2739 724 2846 laevibus
750 2766 905 2882 atque
930 2742 1162 2843 rotundis
1188 2743 1336 2842 mista
1360 2728 1551 2845 doloris

300 2922 556 3061 Corpora3
583 2959 676 3022 nec
696 2942 865 3020 tamen
884 2917 994 3019 haec
1019 2920 1223 3018 retineri
1240 2916 1445 3017 hamata
1460 2956 1669 3026 necesse
1695 2928 1804 3032 est:

300 3098 503 3199 Scilicet
527 3134 633 3196 esse
658 3094 883 3233 globosa,
910 3116 1220 3195 tamencum
1248 3090 1489 3229 squalida
1514 3122 1772 3225 constent,

298 3270 527 3373 Provolvi
557 3270 704 3371 simul
729 3290 789 3369 ut
812 3269 1021 3406 possint,
1049 3290 1101 3367 et
1125 3265 1311 3368 laedere
1338 3302 1541 3375 sensus.

371 3444 437 3546 Et
464 3484 567 3584 quo
593 3444 739 3543 mista
757 3466 906 3581 putes
932 3444 1091 3580 magis
1117 3476 1297 3577 aspera
1319 3437 1551 3551 laevibus
1574 3488 1684 3552 esse

298 3618 584 3755 Principiis
612 3616 750 3717 unde
775 3639 851 3716 est
877 3614 1112 3752 Neptuni
1138 3642 1326 3750 corpus
1353 3618 1612 3728 acerbum
1627 3668 1642 3751 ;

298 3793 392 3897 Est
416 3795 543 3893 ratio
562 3791 878 3910 secernundi,
906 3824 1236 3925 seorsumque
1261 3790 1507 3903 videndi.

298 3968 500 4070 Humor
524 3968 686 4068 dulcit
710 3964 799 4065 ubi
824 4002 919 4103 per
942 3988 1102 4063 terras
1126 3960 1369 4069 crebrius
1393 3972 1543 4081 idem

296 4145 606 4264 Percolatur‚
635 4143 768 4242 utin
795 4141 991 4242 foveam
1017 4139 1166 4256 fluat,
1194 4174 1257 4239 ac
1283 4176 1646 4255 mansuescat:

299 4318 513 4458 Linquit
538 4319 673 4418 enim
700 4355 853 4455 supra
877 4315 995 4416 tetri
1021 4315 1321 4467 primordia
1344 4324 1450 4425 viri

294 4496 505 4634 Aspera,
535 4534 639 4635 quo
664 4496 825 4634 magis
850 4496 904 4594 in
929 4491 1083 4592 terris
1103 4486 1402 4598 haerescere
1426 4516 1655 4637 possunt.

368 4670 520 4791 Quod
539 4673 779 4810 quoniam
795 4668 965 4785 docui,
983 4702 1211 4803 pergam
1233 4698 1544 4773 connectere
1560 4704 1682 4787 rem,
1699 4702 1831 4805 quae

297 4846 377 4948 Ex
404 4845 498 4946 hoe
518 4868 635 4981 apta
661 4846 816 4946 fidem
842 4842 1021 4943 ducit:
1064 4842 1366 4979 primordia
1387 4882 1560 4949 rerum

297 5021 464 5124 Finita
487 5022 678 5124 variare
698 5022 989 5159 figurarum
1014 5020 1249 5125 ratione.

1054 5200 1080 5245 Ι
