4432 5984
358 346 466 439 -182
693 349 753 438 T.
822 346 1251 441 LUCRETII
1317 350 1527 459 CARI

364 606 575 746 Magna,
597 628 754 745 atque
778 607 1025 726 immanis,
1046 603 1321 729 κατάπληξις,
1341 609 1597 749 plenaque
1616 608 1892 735 honoris:

365 782 544 903 Balbo,
570 782 713 920 loqui
739 820 841 881 non
868 783 998 919 quit,
1024 777 1247 917 τραυλίζει·
1277 806 1433 902 muta,
1454 782 1658 921 pudens
1680 804 1791 885 est.

364 959 436 1058 At
459 958 698 1095 flagrans,
725 955 915 1075 odiosa,
942 954 1229 1094 loquacula,
1254 952 1482 1085 λαμπάδιον
1500 956 1588 1059 fit:

362 1129 522 1259 Ἰοχνόν
548 1128 747 1269 ἐρωμένων
772 1152 880 1230 tum
907 1130 981 1249 fit,
1009 1168 1166 1268 quom
1190 1132 1356 1232 vivere
1381 1173 1480 1235 non
1509 1134 1626 1273 quit

366 1302 481 1405 Prae
505 1305 695 1405 macie:
734 1300 870 1441 ραδινῆ
889 1341 1005 1403 vero
1031 1325 1122 1422 est,
1141 1303 1248 1441 jam
1275 1327 1476 1408 mortua
1499 1308 1658 1435 utussi':

344 1472 435 1581 'At
459 1478 662 1617 gemina
688 1468 738 1578 et
762 1516 1052 1600 mammosa,
1074 1475 1228 1579 Ceres
1255 1502 1331 1578 est
1355 1481 1463 1617 ipsa
1480 1480 1554 1582 ab
1575 1478 1829 1587 tacebo:

365 1654 575 1775 Simula,
603 1652 760 1774 σιληνῆ,
788 1692 844 1754 ac
871 1675 1039 1791 satyra
1063 1674 1167 1752 est:
1207 1650 1412 1777 labiosa,
1433 1654 1607 1785 φίλημα.

365 1828 564 1931 Caetera
585 1829 649 1931 de
669 1867 858 1967 genere
885 1825 980 1928 hoc
1007 1828 1217 1964 longum
1243 1851 1318 1927 est
1344 1832 1384 1929 si
1411 1830 1577 1932 dicere
1601 1868 1792 1933 coner.

434 2007 536 2137 Sed
563 2031 733 2108 tamen
760 2027 866 2107 esto
883 2005 991 2143 jarn
1019 2004 1284 2142 quantovis
1310 2005 1410 2104 oris
1437 2002 1645 2123 honore,

365 2180 502 2302 Quoi
527 2178 741 2282 Veneris
769 2178 1007 2280 membris
1026 2178 1099 2279 vis
1123 2177 1358 2279 omnibus
1383 2182 1672 2281 exoriatur:

366 2354 570 2494 Nempe
584 2357 696 2457 aliae
708 2351 1354 2494 quoquesunt,nempehac
1372 2354 1885 2483 sineviximusante3

366 2528 572 2668 Nempe
598 2529 776 2630 eadem
800 2527 936 2647 facit,
965 2549 1016 2626 et
1042 2527 1223 2625 scimus
1247 2524 1410 2626 facere
1435 2528 1604 2627 omnia
1627 2532 1829 2669 turpi:

365 2701 436 2803 Et
460 2705 692 2804 miseram
718 2704 861 2803 tetris
886 2742 938 2802 se
965 2702 1101 2801 suffit
1120 2698 1362 2800 odoribus
1381 2703 1505 2839 ipsa,

367 2875 536 2997 Quam
563 2878 765 2977 famulae
791 2878 942 3015 longe
968 2875 1205 3013 fugitant,
1231 2874 1511 3016 furtimque
1537 2876 1890 2991 cachinnant.
1992 2972 2002 2987 .

434 3054 505 3152 At
531 3053 812 3189 lacrymans
838 3052 1070 3150 exclusus
1096 3071 1289 3149 amator
1313 3050 1487 3149 limina
1512 3089 1648 3189 saepc

368 3226 602 3327 Fioribus
627 3250 679 3326 et
703 3228 847 3325 sertis
872 3225 1054 3361 operit,
1080 3227 1370 3361 posteisque
1395 3224 1640 3363 superbos

364 3400 570 3538 Unguit
594 3401 894 3519 amaracino,
922 3423 974 3499 et
998 3397 1190 3499 foribus
1216 3402 1366 3499 miser
1389 3400 1559 3501 oscula
1582 3398 1736 3537 figit:
1854 3484 1859 3489 -

368 3573 534 3695 Quem
563 3578 603 3673 si
621 3575 728 3712 jam
755 3574 1046 3694 admissum,
1072 3576 1358 3675 venientem
1384 3572 1654 3674 offenderit
1680 3614 1829 3685 aura

365 3746 486 3851 Una
512 3750 678 3867 modo,
705 3787 878 3850 causas
904 3747 1125 3849 abeundi
1151 3775 1350 3891 quaerat
1374 3749 1636 3872 honestas3

370 3921 439 4022 Et
465 3923 704 4023 meditata
731 3925 819 4023 diu
847 3923 993 4023 cadat
1020 3924 1118 4022 alte
1144 3949 1347 4062 sumpta
1372 3924 1580 4063 querela
1595 3965 1609 4047 ;

371 4095 716 4235 Stultitiaeque
743 4096 813 4196 ibi
841 4136 891 4196 se
920 4096 1141 4208 damnet,
1167 4098 1402 4198 tribuisse
1428 4098 1567 4237 quod
1594 4099 1669 4199 ilii

371 4269 492 4370 Plus
519 4269 701 4389 videat,
722 4308 874 4407 quam
902 4273 1101 4370 mortali
1126 4272 1399 4372 concedere
1424 4309 1519 4409 par
1541 4294 1634 4377 est.

372 4443 484 4545 Nec
510 4443 733 4544 Veneres
760 4468 952 4544 nostras
979 4444 1073 4547 hoc
1098 4447 1256 4569 fattit3
1295 4486 1399 4587 quo
1423 4448 1584 4586 magis
1604 4447 1747 4584 -ipsae

373 4618 564 4723 Omnia
590 4657 906 4755 summopere
933 4618 1023 4719 hos
1044 4623 1161 4721 vitae
1186 4623 1470 4759 postscenia
1487 4620 1669 4741 celant,
1757 4698 1764 4711 .

374 4792 517 4913 Quos
543 4796 758 4893 retinere
785 4794 976 4912 volunt,
1004 4794 1369 4937 adstrictosque
1395 4834 1501 4896 esse
1526 4797 1579 4896 in
1603 4833 1833 4935 amore3

372 4967 746 5109 Nequidquam
766 5010 775 5069 :
796 4970 1037 5111 quoniam
1056 4992 1112 5068 tu
1134 4972 1302 5071 animo
1320 4993 1488 5070 tamen
1508 4969 1678 5071 omnia
1699 4984 1892 5115 possis
