4432 5984
363 288 434 399 94
679 290 739 379 Τ.
808 285 1242 443 LUCitETII
1308 284 1523 378 CARI

369 549 624 653 Naturam
648 583 819 649 rerum
846 543 984 648 haud
1010 544 1180 648 diviua
1202 564 1371 645 mente
1397 564 1637 664 coortam,

366 722 668 862 Diffirgiuut
691 722 845 821 animi
869 740 1117 844 terrores3
1152 719 1337 819 moenia
1359 714 1542 818 muudi

366 899 669 1019 Discedunt,
694 920 859 999 totum
883 894 1032 997 video
1056 894 1322 1035 perinane
1346 891 1458 1032 geri
1481 926 1577 991 res.

375 1071 609 1211 Apparet
632 1070 798 1172 divom
823 1103 1029 1189 numen,
1056 1066 1302 1205 sedesque
1329 1064 1547 1203 quietae:

369 1240 513 1363 Quas
538 1276 708 1382 neque
733 1241 1033 1344 eoncutiunt
1054 1241 1209 1361 venti,
1234 1275 1404 1377 neque
1429 1232 1609 1339 nubila
1630 1232 1853 1336 nimbis

365 1414 717 1555 Adspergunt,
743 1448 913 1552 neque
936 1411 1026 1510 nix
1052 1411 1153 1510 aori
1178 1432 1413 1514 concreta
1434 1411 1621 1548 pruina

369 1586 512 1689 Cana
535 1585 927 1708 eadensviolat3
966 1622 1268 1725 semperque
1293 1582 1554 1686 innubilus
1576 1580 1752 1685 aether

366 1756 575 1899 Integit,
601 1781 655 1859 et
677 1759 818 1898 large
844 1755 1030 1861 diffuso
1053 1759 1247 1861 lumine
1266 1756 1414 1859 ridet.

368 1931 558 2036 Omnia
581 1934 877 2072 suppeditat
900 1972 1053 2075 porro
1076 1958 1274 2057 natura,
1298 1968 1469 2070 neque
1492 1928 1601 2031 ulla

330 2125 335 2138 “
367 2104 470 2209 Res
495 2110 650 2209 animi
675 2145 853 2248 paoem
879 2107 1071 2210 delibat
1093 2130 1322 2247 tempore
1345 2107 1400 2205 in
1425 2104 1547 2208 ullo.

249 2360 262 2379 .
369 2279 443 2381 At
459 2303 637 2382 eontra
660 2317 912 2421 nusquam
938 2302 1189 2421 apparent
1212 2276 1495 2381 Acherusia
1516 2280 1748 2418 templa:

371 2450 487 2555 Nec
518 2453 663 2557 tellus
687 2452 856 2555 obstat
880 2454 1006 2593 quin
1030 2453 1201 2555 omnia
1224 2451 1572 2589 dispiciantur,

367 2624 476 2727 Sub
500 2625 720 2766 pedibus
745 2664 1068 2770 quaeounque
1093 2627 1226 2729 infra
1249 2664 1343 2767 per
1366 2628 1516 2729 inane
1539 2652 1831 2768 geruntur.

368 2796 466 2901 His
491 2798 585 2899 tibi
611 2838 692 2901 me
719 2800 871 2904 rebus
897 2803 1134 2942 quaedam
1159 2802 1331 2903 divina
1358 2801 1591 2940 voluptas
1669 2884 1677 2893 .
1710 2892 1717 2933 .·
1757 2892 1761 2897 .

366 2968 607 3111 Percipit,
633 2970 788 3112 atque
814 2972 1008 3092 horror,
1035 2974 1176 3116 quod
1200 2974 1270 3077 sio
1294 2997 1478 3078 natura
1500 2999 1591 3079 tus
1611 2978 1663 3081 vi
1745 3060 1765 3071 ..

364 3140 492 3245 Tam
518 3146 784 3249 manifesta
808 3171 949 3286 patet
968 3186 1033 3279 ex
1057 3151 1192 3250 omni
1219 3170 1363 3287 parte
1388 3174 1591 3256 retecta.

437 3290 508 3421 Et
532 3321 774 3457 quoniam
800 3320 967 3443 docui,
988 3344 1285 3425 cunctorum
1309 3323 1518 3426 exordia
1540 3362 1714 3429 rerum

368 3488 556 3612 Qualia
579 3494 710 3619 sint3
748 3518 800 3595 et
825 3534 980 3635 quam
1003 3498 1153 3599 variis
1177 3494 1416 3597 distantia
1438 3496 1612 3599 formis

369 3662 564 3803 Sponte
590 3664 685 3769 sua*
703 3670 917 3771 volitent
939 3693 1131 3773 aeterno
1154 3671 1347 3809 percita
1370 3693 1529 3793 motu,

365 3837 589 3981 Quoque
614 3842 765 3944 modo
791 3843 985 3980 possint
1010 3880 1074 3942 ex
1098 3839 1177 3942 his
1201 3878 1281 3955 res
1307 3879 1529 3982 quaeque
1554 3849 1746 3953 creari:

368 4014 536 4118 Hasce
557 4015 835 4117 seeundum
860 4056 940 4119 res
961 4019 1136 4119 Animi
1160 4039 1341 4117 natura
1365 4018 1580 4142 videtur,

363 4187 537 4327 Atque
560 4188 761 4291 Animae
788 4190 1024 4292 claranda
1048 4190 1172 4292 meis
1186 4190 1296 4328 jam
1319 4192 1547 4297 versibus
1570 4234 1706 4303 esse:

364 4361 435 4464 Et
460 4378 625 4463 metus
649 4362 735 4464 ille
759 4360 894 4466 foras
914 4400 1144 4503 praeceps
1168 4360 1476 4469 Acheruntis
1499 4368 1731 4507 agendus
1869 4460 1877 4467 .

361 4533 629 4656 Funditus,
656 4534 929 4639 humanam
955 4540 1048 4678 qui
1071 4538 1225 4639 vitam
1248 4535 1426 4639 turbat
1449 4537 1515 4640 ab
1539 4540 1659 4663 imo,

363 4708 553 4813 Omnia
577 4710 873 4815 suffundens
897 4714 1074 4814 mortis
1097 4715 1317 4851 nigrore,
1343 4752 1513 4854 neque
1536 4716 1697 4825 ullam

360 4881 484 4989 Esse
507 4885 824 5027 voluptatem
847 4887 1097 5031 liquidam
1122 4926 1409 5029 puramque
1433 4890 1694 5032 relinquit.
