4432 5984
683 302 995 454 'arnna
1041 322 1457 455 ruamus.
1755 341 1852 457 tce

361 620 444 722 lre
468 618 707 745 humana,
735 646 904 723 tamen
931 659 1155 761 quaeram
1182 662 1274 723 eur
1297 662 1325 722 e
1351 622 1565 761 sapienti

362 795 532 897 Stulta
558 819 714 935 queat
737 797 864 920 fieri,
890 837 984 899 nec
1008 798 1234 936 prudens
1253 798 1317 897 sit
1340 770 1479 934 puer.
1496 796 1656 943 ullus-3
1712 791 1723 866 ’-

363 969 477 1074 Nec
502 996 605 1073 tam
632 974 810 1077 doctus
836 1013 983 1113 equae
1006 974 1180 1111 pullus
1208 990 1362 1112 quam
1387 971 1529 1074 fortis
1555 973 1677 1111 equi
1702 974 1805 1075 vis:

363 1142 417 1246 Si
439 1184 541 1247 non
567 1168 704 1248 certa
728 1186 818 1248 suo
844 1149 966 1287 quia
991 1134 1187 1247 semiue
1205 1146 1517 1283 seminioque

358 1316 451 1420 Vis
471 1322 624 1421 animi
649 1323 840 1458 pariter
864 1319 1041 1421 crescit
1064 1355 1181 1419 cum
1207 1355 1416 1456 corpore
1442 1342 1567 1465 toto.

361 1494 563 1598 Scilicet
586 1499 640 1599 in
665 1521 840 1599 tenero
864 1519 1174 1597 tenerascere
1200 1529 1409 1631 corpore
1433 1482 1657 1595 mentem

362 1666 677 1809 Confugiant
691 1713 705 1796 3
741 1672 948 1869 quodsi
965 1673 1072 1809 jam
1098 1671 1172 1790 fi't,
1193 1667 1381 1768 fateare
1407 1638 1615 1770 necesse⁴
1634 1693 1710 1771 est
1830 1652 1833 1657 ⁴

360 1839 632 1945 Mortalem
658 1884 764 1947 esse
789 1848 1023 1968 animam,
1050 1846 1291 1985 quoniam
1316 1840 1510 1946 mutata
1534 1831 1627 1983 per
1651 1843 1807 1949 artus

356 2014 649 2157 Tantopere
676 2022 863 2121 amittit
884 2023 1040 2122 vitam
1066 2058 1371 2157 sensumque
1398 2020 1666 2189 priorem.

376 2189 610 2312 Quove
635 2193 786 2293 modo
811 2196 999 2339 poterit
1022 2196 1214 2333 pariter
1238 2232 1354 2296 cum
1380 2231 1589 2331 corpore
1615 2232 1823 2339 quoque

362 2361 675 2466 Confirmata
700 2369 930 2504 cupitum
955 2369 1116 2468 aetatis
1139 2358 1349 2507 tangere
1374 2369 1558 2468 florem

359 2535 772 2662 Vis'animi,·nisi
797 2540 894 2640 erit
918 2564 1120 2642 consors
1145 2539 1200 2642 in
1225 2515 1423 2683 origine
1443 2547 1640 2684 primal

362 2710 565 2833 Quidve
591 2713 723 2814 foras
749 2710 844 2814 sibi
869 2714 980 2816 vult
1004 2698 1242 2817 membris
1267 2718 1403 2817 exire
1430 2721 1675 2821 senectisl
1820 2698 1823 2702 λ

359 2891 444 2992 Αη
469 2891 651 2992 metuit
674 2891 909 2993 conclusa
933 2928 1136 2991 manere
1153 2893 1207 2992 in
1232 2930 1443 3030 corpore
1467 2862 1725 3059 putril

361 3065 432 3168 Et
455 3066 635 3168 domus
661 3065 821 3168 aetatis
846 3067 1007 3203 spatio
1030 3105 1094 3167 ne
1117 3061 1261 3168 fessa
1270 3090 1468 3169 vetusto

363 3240 599 3344 Obruatl
638 3262 690 3339 at
714 3278 817 3341 non
842 3262 963 3341 sunt
984 3241 1255 3342 immortali
1281 3241 1386 3341 ulla
1409 3241 1615 3380 pericla.

431 3416 673 3557 Denique
699 3412 953 3545 connubia
977 3415 1041 3516 ad
1067 3413 1297 3534 Veneris,
1323 3438 1602 3554 partusque
1627 3413 1850 3520 ferarum

363 3590 487 3696 Esse
512 3568 932 3727 animasspraesto,
960 3590 1298 3692 deridiculum
1323 3628 1429 3694 esse
1454 3591 1657 3693 videtur
1671 3634 1685 3717 ;

363 3768 434 3874 Et
457 3790 681 3908 spectare
705 3763 1031 3865 immortaleis
1055 3764 1288 3865 mortalia
1310 3764 1538 3867 membra

369 3944 638 4047 innumero
662 3976 889 4059 numere,
916 3961 1213 4077 certareque
1236 3962 1681 4079 praeproperanter

363 4117 506 4220 Inter
530 4154 582 4218 se
608 4153 725 4253 quae
751 4112 916 4248 prima
940 4114 1302 4253 potissimaque
1326 4114 1639 4213 insinuetur:

365 4291 420 4395 Si
444 4331 547 4393 non
573 4289 701 4389 forte
726 4287 797 4386 ita
823 4309 941 4388 sunt
966 4289 1246 4389 animarum
1270 4285 1459 4388 foedera
1484 4309 1649 4425 pacta,

363 4465 454 4590 Ut,
482 4504 599 4605 quae
624 4463 791 4601 prima
813 4460 987 4562 volans
1012 4461 1287 4582 advenerit,
1313 4460 1600 4562 insinuetur

364 4641 551 4762 Prima,
577 4675 746 4776 neque
771 4636 904 4738 inter
928 4675 980 4738 se
1000 4635 1310 4737 contendant
1332 4631 1524 4737 viribus
1549 4630 1726 4735 hilum.
1858 4608 1861 4615 ⁵

434 4817 677 4956 Denique
702 4813 754 4914 in
781 4809 969 4914 aethere
994 4851 1098 4913 non
1122 4811 1289 4933 arbor,
1315 4848 1419 4910 non
1444 4796 1650 4947 aequore
1669 4805 1724 4909 in
1748 4788 1851 4907 alto

305 4994 309 5001 ’
364 4992 549 5098 Nubes
573 5027 680 5092 esse
705 4982 920 5129 queunt,
947 5025 1040 5089 nec
1060 4985 1223 5124 pisces
1245 4985 1412 5088 vivere
1437 4982 1492 5084 in
1516 4982 1662 5102 arvis,
1752 5090 1756 5097 ,

1084 5163 1135 5213 Η
1245 5158 1249 5165 ’
