<?xml version="1.0" encoding="UTF-8"?>
<!DOCTYPE html PUBLIC "-//W3C//DTD XHTML 1.0 Transitional//EN"
    "http://www.w3.org/TR/xhtml1/DTD/xhtml1-transitional.dtd">
<html xmlns="http://www.w3.org/1999/xhtml" xml:lang="en" lang="en">
 <head>
  <title>
</title>
<meta http-equiv="Content-Type" content="text/html;charset=utf-8" />
  <meta name='ocr-system' content='tesseract 3.04.00' />
  <meta name='ocr-capabilities' content='ocr_page ocr_carea ocr_par ocr_line ocrx_word'/>
</head>
<body>
  <div class='ocr_page' id='page_1' title='image "./tlucretiicaride01carugoog_0215.png"; bbox 0 0 4432 5984; ppageno 0'>
   <div class='ocr_carea' id='block_1_1' title="bbox 370 352 1538 448">
    <p class='ocr_par' dir='ltr' id='par_1_1' title="bbox 370 352 1538 448">
     <span class='ocr_line' id='line_1_1' title="bbox 370 352 1538 448; baseline -0.002 -1"><span class='ocrx_word' id='word_1_1' title='bbox 370 356 475 448; x_wconf 61' lang='lat'>220</span> <span class='ocrx_word' id='word_1_2' title='bbox 710 357 773 444; x_wconf 85' lang='lat' dir='ltr'>T.</span> <span class='ocrx_word' id='word_1_3' title='bbox 831 353 1261 444; x_wconf 84' lang='lat' dir='ltr'><strong>L&#39;UCRETII</strong></span> <span class='ocrx_word' id='word_1_4' title='bbox 1326 352 1538 445; x_wconf 84' lang='lat' dir='ltr'>CARI</span> 
     </span>
    </p>
   </div>
   <div class='ocr_carea' id='block_1_2' title="bbox 361 615 1861 4412">
    <p class='ocr_par' dir='ltr' id='par_1_2' title="bbox 371 615 1633 756">
     <span class='ocr_line' id='line_1_2' title="bbox 371 615 1633 756; baseline -0.006 -33"><span class='ocrx_word' id='word_1_5' title='bbox 371 618 486 723; x_wconf 89' lang='lat' dir='ltr'>Neo</span> <span class='ocrx_word' id='word_1_6' title='bbox 512 641 725 756; x_wconf 88' lang='lat' dir='ltr'>potuere</span> <span class='ocrx_word' id='word_1_7' title='bbox 751 615 983 753; x_wconf 84' lang='lat' dir='ltr'>cupitum</span> <span class='ocrx_word' id='word_1_8' title='bbox 1011 617 1175 716; x_wconf 87' lang='lat' dir='ltr'>aetatis</span> <span class='ocrx_word' id='word_1_9' title='bbox 1198 638 1413 752; x_wconf 85' lang='lat' dir='ltr'>tangere</span> <span class='ocrx_word' id='word_1_10' title='bbox 1438 618 1633 737; x_wconf 87' lang='lat' dir='ltr'>florem,</span> 
     </span>
    </p>

    <p class='ocr_par' dir='ltr' id='par_1_3' title="bbox 370 788 1712 929">
     <span class='ocr_line' id='line_1_3' title="bbox 370 788 1712 929; baseline -0.001 -33"><span class='ocrx_word' id='word_1_11' title='bbox 370 794 486 897; x_wconf 84' lang='lat' dir='ltr'>Nec</span> <span class='ocrx_word' id='word_1_12' title='bbox 513 793 735 929; x_wconf 86' lang='lat' dir='ltr'>reperire</span> <span class='ocrx_word' id='word_1_13' title='bbox 761 788 950 910; x_wconf 88' lang='lat' dir='ltr'>cibum,</span> <span class='ocrx_word' id='word_1_14' title='bbox 978 830 1070 891; x_wconf 89' lang='lat' dir='ltr'>nee</span> <span class='ocrx_word' id='word_1_15' title='bbox 1089 791 1240 928; x_wconf 85' lang='lat' dir='ltr'>jungi</span> <span class='ocrx_word' id='word_1_16' title='bbox 1267 829 1359 929; x_wconf 90' lang='lat' dir='ltr'>per</span> <span class='ocrx_word' id='word_1_17' title='bbox 1379 792 1590 895; x_wconf 89' lang='lat' dir='ltr'>Veneris</span> <span class='ocrx_word' id='word_1_18' title='bbox 1615 831 1712 895; x_wconf 89' lang='lat' dir='ltr'>res.</span> 
     </span>
    </p>

    <p class='ocr_par' dir='ltr' id='par_1_4' title="bbox 370 964 1687 1086">
     <span class='ocr_line' id='line_1_4' title="bbox 370 964 1687 1086; baseline -0.004 -16"><span class='ocrx_word' id='word_1_19' title='bbox 370 968 541 1070; x_wconf 89' lang='lat' dir='ltr'>Multa</span> <span class='ocrx_word' id='word_1_20' title='bbox 565 967 797 1067; x_wconf 87' lang='lat' dir='ltr'>videmus</span> <span class='ocrx_word' id='word_1_21' title='bbox 821 964 958 1064; x_wconf 90' lang='lat' dir='ltr'>enim</span> <span class='ocrx_word' id='word_1_22' title='bbox 984 964 1136 1064; x_wconf 89' lang='lat' dir='ltr'>rebus</span> <span class='ocrx_word' id='word_1_23' title='bbox 1162 1003 1460 1066; x_wconf 87' lang='lat' dir='ltr'>concurrere</span> <span class='ocrx_word' id='word_1_24' title='bbox 1486 964 1687 1086; x_wconf 89' lang='lat' dir='ltr'>debere,</span> 
     </span>
    </p>

    <p class='ocr_par' dir='ltr' id='par_1_5' title="bbox 370 1136 1511 1279">
     <span class='ocr_line' id='line_1_5' title="bbox 370 1136 1511 1279; baseline -0.004 -34"><span class='ocrx_word' id='word_1_25' title='bbox 370 1140 444 1246; x_wconf 88' lang='lat' dir='ltr'>Ut</span> <span class='ocrx_word' id='word_1_26' title='bbox 469 1138 806 1279; x_wconf 85' lang='lat' dir='ltr'>propagando</span> <span class='ocrx_word' id='word_1_27' title='bbox 828 1138 1025 1274; x_wconf 86' lang='lat' dir='ltr'>possint</span> <span class='ocrx_word' id='word_1_28' title='bbox 1048 1136 1329 1273; x_wconf 85' lang='lat' dir='ltr'>producere</span> <span class='ocrx_word' id='word_1_29' title='bbox 1350 1142 1511 1242; x_wconf 85' lang='lat' dir='ltr'>saecla.</span> 
     </span>
    </p>

    <p class='ocr_par' dir='ltr' id='par_1_6' title="bbox 366 1310 1791 1454">
     <span class='ocr_line' id='line_1_6' title="bbox 366 1310 1791 1454; baseline -0.004 -36"><span class='ocrx_word' id='word_1_30' title='bbox 366 1316 563 1418; x_wconf 79' lang='lat' dir='ltr'>Pabula</span> <span class='ocrx_word' id='word_1_31' title='bbox 587 1316 809 1454; x_wconf 92' lang='lat' dir='ltr'>primum</span> <span class='ocrx_word' id='word_1_32' title='bbox 835 1334 893 1413; x_wconf 89' lang='lat' dir='ltr'>ut</span> <span class='ocrx_word' id='word_1_33' title='bbox 918 1312 1033 1430; x_wconf 89' lang='lat' dir='ltr'>sint,</span> <span class='ocrx_word' id='word_1_34' title='bbox 1054 1310 1296 1446; x_wconf 79' lang='lat' dir='ltr'>genitalia</span> <span class='ocrx_word' id='word_1_35' title='bbox 1322 1312 1506 1413; x_wconf 87' lang='lat' dir='ltr'>deinde</span> <span class='ocrx_word' id='word_1_36' title='bbox 1531 1350 1628 1449; x_wconf 88' lang='lat' dir='ltr'>per</span> <span class='ocrx_word' id='word_1_37' title='bbox 1649 1334 1791 1413; x_wconf 88' lang='lat' dir='ltr'>artus</span> 
     </span>
    </p>

    <p class='ocr_par' dir='ltr' id='par_1_7' title="bbox 368 1484 1684 1631">
     <span class='ocr_line' id='line_1_7' title="bbox 368 1484 1684 1631; baseline -0.003 -36"><span class='ocrx_word' id='word_1_38' title='bbox 368 1494 571 1595; x_wconf 86' lang='lat' dir='ltr'>Semina</span> <span class='ocrx_word' id='word_1_39' title='bbox 599 1530 702 1631; x_wconf 86' lang='lat' dir='ltr'>qua</span> <span class='ocrx_word' id='word_1_40' title='bbox 726 1488 920 1628; x_wconf 86' lang='lat' dir='ltr'>possint</span> <span class='ocrx_word' id='word_1_41' title='bbox 944 1484 1183 1585; x_wconf 91' lang='lat' dir='ltr'>membris</span> <span class='ocrx_word' id='word_1_42' title='bbox 1205 1525 1410 1589; x_wconf 83' lang='lat' dir='ltr'>manare</span> <span class='ocrx_word' id='word_1_43' title='bbox 1434 1489 1684 1591; x_wconf 82' lang='lat' dir='ltr'>remissis:</span> 
     </span>
    </p>

    <p class='ocr_par' dir='ltr' id='par_1_8' title="bbox 369 1657 1819 1804">
     <span class='ocr_line' id='line_1_8' title="bbox 369 1657 1819 1804; baseline -0.007 -36"><span class='ocrx_word' id='word_1_44' title='bbox 369 1667 696 1804; x_wconf 86' lang='lat' dir='ltr'>Foeminaque</span> <span class='ocrx_word' id='word_1_45' title='bbox 722 1687 781 1765; x_wconf 90' lang='lat' dir='ltr'>ut</span> <span class='ocrx_word' id='word_1_46' title='bbox 806 1657 1029 1761; x_wconf 87' lang='lat' dir='ltr'>maribus</span> <span class='ocrx_word' id='word_1_47' title='bbox 1056 1657 1297 1798; x_wconf 83' lang='lat' dir='ltr'>conjungi</span> <span class='ocrx_word' id='word_1_48' title='bbox 1324 1664 1497 1799; x_wconf 86' lang='lat' dir='ltr'>possit,</span> <span class='ocrx_word' id='word_1_49' title='bbox 1518 1660 1706 1761; x_wconf 88' lang='lat' dir='ltr'>habere</span> <span class='ocrx_word' id='word_1_50' title='bbox 1813 1680 1819 1691; x_wconf 90' lang='lat'>&#39;</span> 
     </span>
    </p>

    <p class='ocr_par' dir='ltr' id='par_1_9' title="bbox 368 1835 1861 2152">
     <span class='ocr_line' id='line_1_9' title="bbox 368 1835 1696 1979; baseline -0.008 -36"><span class='ocrx_word' id='word_1_51' title='bbox 368 1840 560 1944; x_wconf 84' lang='lat' dir='ltr'>Mutua</span> <span class='ocrx_word' id='word_1_52' title='bbox 585 1842 728 1979; x_wconf 85' lang='lat' dir='ltr'>queis</span> <span class='ocrx_word' id='word_1_53' title='bbox 753 1860 961 1938; x_wconf 84' lang='lat' dir='ltr'>nectant</span> <span class='ocrx_word' id='word_1_54' title='bbox 986 1835 1120 1933; x_wconf 88' lang='lat' dir='ltr'>inter</span> <span class='ocrx_word' id='word_1_55' title='bbox 1143 1871 1194 1931; x_wconf 90' lang='lat' dir='ltr'>se</span> <span class='ocrx_word' id='word_1_56' title='bbox 1219 1835 1423 1970; x_wconf 83' lang='lat' dir='ltr'>gaudia,</span> <span class='ocrx_word' id='word_1_57' title='bbox 1452 1837 1696 1974; x_wconf 87' lang='lat' dir='ltr'>utrisque.</span> 
     </span>
     <span class='ocr_line' id='line_1_10' title="bbox 420 2008 1861 2152; baseline -0.003 -36"><span class='ocrx_word' id='word_1_58' title='bbox 420 2008 1861 2152; x_wconf 86' lang='lat' dir='ltr'>Multaquetuminteriisseanimantumsaeolanecesseest,</span> 
     </span>
    </p>

    <p class='ocr_par' dir='ltr' id='par_1_10' title="bbox 370 2183 1777 2328">
     <span class='ocr_line' id='line_1_11' title="bbox 370 2183 1777 2328; baseline -0.007 -36"><span class='ocrx_word' id='word_1_59' title='bbox 370 2188 485 2292; x_wconf 87' lang='lat' dir='ltr'>Nee</span> <span class='ocrx_word' id='word_1_60' title='bbox 511 2190 734 2328; x_wconf 91' lang='lat' dir='ltr'>potuisse</span> <span class='ocrx_word' id='word_1_61' title='bbox 760 2183 1092 2325; x_wconf 84' lang='lat' dir='ltr'>propagando</span> <span class='ocrx_word' id='word_1_62' title='bbox 1117 2185 1397 2320; x_wconf 87' lang='lat' dir='ltr'>procudere</span> <span class='ocrx_word' id='word_1_63' title='bbox 1423 2185 1632 2322; x_wconf 89' lang='lat' dir='ltr'>prolem.</span> <span class='ocrx_word' id='word_1_64' title='bbox 1770 2192 1777 2201; x_wconf 86' lang='lat'>&#39;</span> 
     </span>
    </p>

    <p class='ocr_par' dir='ltr' id='par_1_11' title="bbox 368 2359 1617 2503">
     <span class='ocr_line' id='line_1_12' title="bbox 368 2359 1617 2503; baseline -0.008 -34"><span class='ocrx_word' id='word_1_65' title='bbox 368 2363 506 2469; x_wconf 87' lang='lat' dir='ltr'>Nam</span> <span class='ocrx_word' id='word_1_66' title='bbox 534 2401 858 2503; x_wconf 88' lang='lat' dir='ltr'>quaeeunque</span> <span class='ocrx_word' id='word_1_67' title='bbox 883 2361 1023 2463; x_wconf 86' lang='lat' dir='ltr'>vides</span> <span class='ocrx_word' id='word_1_68' title='bbox 1048 2360 1179 2459; x_wconf 91' lang='lat' dir='ltr'>vesei</span> <span class='ocrx_word' id='word_1_69' title='bbox 1203 2359 1441 2459; x_wconf 85' lang='lat' dir='ltr'>vitalibus</span> <span class='ocrx_word' id='word_1_70' title='bbox 1466 2361 1617 2481; x_wconf 86' lang='lat' dir='ltr'>auris,</span> 
     </span>
    </p>

    <p class='ocr_par' dir='ltr' id='par_1_12' title="bbox 365 2524 1721 2672">
     <span class='ocr_line' id='line_1_13' title="bbox 365 2524 1721 2672; baseline -0.004 -34"><span class='ocrx_word' id='word_1_71' title='bbox 365 2539 473 2639; x_wconf 88' lang='lat' dir='ltr'>Aut</span> <span class='ocrx_word' id='word_1_72' title='bbox 498 2537 660 2656; x_wconf 88' lang='lat' dir='ltr'>dolus,</span> <span class='ocrx_word' id='word_1_73' title='bbox 687 2524 975 2647; x_wconf 67' lang='lat' dir='ltr'>notuimus,</span> <span class='ocrx_word' id='word_1_74' title='bbox 1002 2556 1091 2633; x_wconf 88' lang='lat' dir='ltr'>aut</span> <span class='ocrx_word' id='word_1_75' title='bbox 1118 2532 1340 2672; x_wconf 83' lang='lat' dir='ltr'>denique</span> <span class='ocrx_word' id='word_1_76' title='bbox 1366 2534 1619 2634; x_wconf 82' lang='lat' dir='ltr'>mobilitas</span> <span class='ocrx_word' id='word_1_77' title='bbox 1645 2556 1721 2633; x_wconf 91' lang='lat' dir='ltr'>est</span> 
     </span>
    </p>

    <p class='ocr_par' dir='ltr' id='par_1_13' title="bbox 367 2708 1573 2848">
     <span class='ocr_line' id='line_1_14' title="bbox 367 2708 1573 2848; baseline -0.003 -35"><span class='ocrx_word' id='word_1_78' title='bbox 367 2710 447 2813; x_wconf 85' lang='lat' dir='ltr'>Ex</span> <span class='ocrx_word' id='word_1_79' title='bbox 474 2713 685 2813; x_wconf 87' lang='lat' dir='ltr'>ineunte</span> <span class='ocrx_word' id='word_1_80' title='bbox 706 2751 812 2811; x_wconf 85' lang='lat' dir='ltr'>aevo</span> <span class='ocrx_word' id='word_1_81' title='bbox 837 2749 998 2848; x_wconf 88' lang='lat' dir='ltr'>genus</span> <span class='ocrx_word' id='word_1_82' title='bbox 1025 2708 1077 2807; x_wconf 92' lang='lat' dir='ltr'>id</span> <span class='ocrx_word' id='word_1_83' title='bbox 1104 2730 1267 2807; x_wconf 88' lang='lat' dir='ltr'>tutata</span> <span class='ocrx_word' id='word_1_84' title='bbox 1288 2746 1573 2809; x_wconf 87' lang='lat' dir='ltr'>reservans:</span> 
     </span>
    </p>

    <p class='ocr_par' dir='ltr' id='par_1_14' title="bbox 365 2883 1569 3023">
     <span class='ocr_line' id='line_1_15' title="bbox 365 2883 1569 3023; baseline -0.001 -38"><span class='ocrx_word' id='word_1_85' title='bbox 365 2883 641 3023; x_wconf 83' lang='lat' dir='ltr'>Multaque</span> <span class='ocrx_word' id='word_1_86' title='bbox 668 2908 802 3005; x_wconf 89' lang='lat' dir='ltr'>sunt,</span> <span class='ocrx_word' id='word_1_87' title='bbox 831 2883 976 2984; x_wconf 88' lang='lat' dir='ltr'>nobis</span> <span class='ocrx_word' id='word_1_88' title='bbox 1001 2924 1066 2983; x_wconf 89' lang='lat' dir='ltr'>ex</span> <span class='ocrx_word' id='word_1_89' title='bbox 1093 2883 1311 2985; x_wconf 86' lang='lat' dir='ltr'>utilitate</span> <span class='ocrx_word' id='word_1_90' title='bbox 1337 2922 1427 2984; x_wconf 92' lang='lat' dir='ltr'>sua</span> <span class='ocrx_word' id='word_1_91' title='bbox 1452 2922 1569 3020; x_wconf 72' lang='lat' dir='ltr'>quae</span> 
     </span>
    </p>

    <p class='ocr_par' dir='ltr' id='par_1_15' title="bbox 366 3055 1601 3159">
     <span class='ocr_line' id='line_1_16' title="bbox 366 3055 1601 3159; baseline 0.002 -2"><span class='ocrx_word' id='word_1_92' title='bbox 366 3055 733 3158; x_wconf 86' lang='lat' dir='ltr'>Commendata</span> <span class='ocrx_word' id='word_1_93' title='bbox 758 3079 965 3157; x_wconf 87' lang='lat' dir='ltr'>manent</span> <span class='ocrx_word' id='word_1_94' title='bbox 990 3058 1164 3159; x_wconf 82' lang='lat' dir='ltr'>tutelae</span> <span class='ocrx_word' id='word_1_95' title='bbox 1190 3059 1375 3159; x_wconf 85' lang='lat' dir='ltr'>tradita</span> <span class='ocrx_word' id='word_1_96' title='bbox 1401 3081 1601 3159; x_wconf 84' lang='lat' dir='ltr'>nostrae.</span> 
     </span>
    </p>

    <p class='ocr_par' dir='ltr' id='par_1_16' title="bbox 363 3229 1647 3371">
     <span class='ocr_line' id='line_1_17' title="bbox 363 3229 1647 3371; baseline 0.002 -40"><span class='ocrx_word' id='word_1_97' title='bbox 363 3229 638 3369; x_wconf 90' lang='lat' dir='ltr'>Principio,</span> <span class='ocrx_word' id='word_1_98' title='bbox 665 3269 826 3368; x_wconf 87' lang='lat' dir='ltr'>genus</span> <span class='ocrx_word' id='word_1_99' title='bbox 853 3269 965 3330; x_wconf 87' lang='lat' dir='ltr'>acre</span> <span class='ocrx_word' id='word_1_100' title='bbox 989 3232 1211 3352; x_wconf 90' lang='lat' dir='ltr'>leonum,</span> <span class='ocrx_word' id='word_1_101' title='bbox 1239 3271 1473 3371; x_wconf 72' lang='lat' dir='ltr'>saevaque</span> <span class='ocrx_word' id='word_1_102' title='bbox 1500 3233 1647 3334; x_wconf 86' lang='lat' dir='ltr'>saeola</span> 
     </span>
    </p>

    <p class='ocr_par' dir='ltr' id='par_1_17' title="bbox 362 3403 1689 3544">
     <span class='ocr_line' id='line_1_18' title="bbox 362 3403 1689 3544; baseline 0.002 -38"><span class='ocrx_word' id='word_1_103' title='bbox 362 3403 550 3506; x_wconf 88' lang='lat' dir='ltr'>Tutatu</span> <span class='ocrx_word' id='word_1_104' title='bbox 577 3428 653 3505; x_wconf 90' lang='lat' dir='ltr'>est</span> <span class='ocrx_word' id='word_1_105' title='bbox 670 3406 845 3523; x_wconf 76' lang='lat' dir='ltr'>virtue,</span> <span class='ocrx_word' id='word_1_106' title='bbox 870 3404 1064 3541; x_wconf 84' lang='lat' dir='ltr'>uolpeis</span> <span class='ocrx_word' id='word_1_107' title='bbox 1090 3406 1252 3527; x_wconf 88' lang='lat' dir='ltr'>dolus,</span> <span class='ocrx_word' id='word_1_108' title='bbox 1280 3431 1330 3507; x_wconf 87' lang='lat' dir='ltr'>et</span> <span class='ocrx_word' id='word_1_109' title='bbox 1355 3408 1478 3544; x_wconf 88' lang='lat' dir='ltr'>fuga</span> <span class='ocrx_word' id='word_1_110' title='bbox 1503 3445 1689 3509; x_wconf 83' lang='lat' dir='ltr'>cervos.</span> 
     </span>
    </p>

    <p class='ocr_par' dir='ltr' id='par_1_18' title="bbox 361 3578 1632 3717">
     <span class='ocr_line' id='line_1_19' title="bbox 361 3578 1632 3717; baseline 0 -38"><span class='ocrx_word' id='word_1_111' title='bbox 361 3579 433 3679; x_wconf 85' lang='lat' dir='ltr'>At</span> <span class='ocrx_word' id='word_1_112' title='bbox 457 3580 729 3679; x_wconf 84' lang='lat' dir='ltr'>levisomna</span> <span class='ocrx_word' id='word_1_113' title='bbox 753 3617 935 3679; x_wconf 86' lang='lat' dir='ltr'>eanum</span> <span class='ocrx_word' id='word_1_114' title='bbox 962 3578 1065 3678; x_wconf 84' lang='lat' dir='ltr'>fido</span> <span class='ocrx_word' id='word_1_115' title='bbox 1091 3619 1205 3679; x_wconf 88' lang='lat' dir='ltr'>oum</span> <span class='ocrx_word' id='word_1_116' title='bbox 1231 3603 1435 3717; x_wconf 83' lang='lat' dir='ltr'>pectore</span> <span class='ocrx_word' id='word_1_117' title='bbox 1461 3579 1632 3699; x_wconf 78' lang='lat' dir='ltr'>eorda,</span> 
     </span>
    </p>

    <p class='ocr_par' dir='ltr' id='par_1_19' title="bbox 361 3750 1762 3891">
     <span class='ocr_line' id='line_1_20' title="bbox 361 3750 1762 3891; baseline 0.001 -39"><span class='ocrx_word' id='word_1_118' title='bbox 361 3751 432 3852; x_wconf 91' lang='lat' dir='ltr'>Et</span> <span class='ocrx_word' id='word_1_119' title='bbox 456 3790 616 3889; x_wconf 88' lang='lat' dir='ltr'>genus</span> <span class='ocrx_word' id='word_1_120' title='bbox 642 3788 790 3850; x_wconf 92' lang='lat' dir='ltr'>omne</span> <span class='ocrx_word' id='word_1_121' title='bbox 811 3750 949 3888; x_wconf 90' lang='lat' dir='ltr'>quod</span> <span class='ocrx_word' id='word_1_122' title='bbox 976 3773 1052 3850; x_wconf 89' lang='lat' dir='ltr'>est</span> <span class='ocrx_word' id='word_1_123' title='bbox 1077 3756 1302 3853; x_wconf 79' lang='lat' dir='ltr'>veterino</span> <span class='ocrx_word' id='word_1_124' title='bbox 1327 3755 1515 3855; x_wconf 90' lang='lat' dir='ltr'>semine</span> <span class='ocrx_word' id='word_1_125' title='bbox 1539 3777 1762 3891; x_wconf 84' lang='lat' dir='ltr'>partum,</span> 
     </span>
    </p>

    <p class='ocr_par' dir='ltr' id='par_1_20' title="bbox 362 3923 1645 4064">
     <span class='ocr_line' id='line_1_21' title="bbox 362 3923 1645 4064; baseline 0 -38"><span class='ocrx_word' id='word_1_126' title='bbox 362 3924 733 4064; x_wconf 88' lang='lat' dir='ltr'>Lanigeraeque</span> <span class='ocrx_word' id='word_1_127' title='bbox 760 3925 908 4024; x_wconf 89' lang='lat' dir='ltr'>simul</span> <span class='ocrx_word' id='word_1_128' title='bbox 934 3923 1171 4061; x_wconf 72' lang='lat' dir='ltr'>pecudes</span> <span class='ocrx_word' id='word_1_129' title='bbox 1193 3948 1245 4025; x_wconf 87' lang='lat' dir='ltr'>et</span> <span class='ocrx_word' id='word_1_130' title='bbox 1269 3925 1455 4026; x_wconf 81' lang='lat' dir='ltr'>bucera</span> <span class='ocrx_word' id='word_1_131' title='bbox 1479 3927 1645 4047; x_wconf 83' lang='lat' dir='ltr'>saeela,</span> 
     </span>
    </p>

    <p class='ocr_par' dir='ltr' id='par_1_21' title="bbox 364 4097 1675 4221">
     <span class='ocr_line' id='line_1_22' title="bbox 364 4097 1675 4221; baseline -0.001 -19"><span class='ocrx_word' id='word_1_132' title='bbox 364 4097 553 4202; x_wconf 89' lang='lat' dir='ltr'>Omnia</span> <span class='ocrx_word' id='word_1_133' title='bbox 579 4124 696 4200; x_wconf 88' lang='lat' dir='ltr'>suut</span> <span class='ocrx_word' id='word_1_134' title='bbox 722 4097 985 4199; x_wconf 89' lang='lat' dir='ltr'>bominum</span> <span class='ocrx_word' id='word_1_135' title='bbox 1011 4100 1185 4198; x_wconf 86' lang='lat' dir='ltr'>tutelae</span> <span class='ocrx_word' id='word_1_136' title='bbox 1213 4100 1415 4221; x_wconf 86' lang='lat' dir='ltr'>tradita,</span> <span class='ocrx_word' id='word_1_137' title='bbox 1444 4099 1675 4201; x_wconf 87' lang='lat' dir='ltr'>Memmi.</span> 
     </span>
    </p>

    <p class='ocr_par' dir='ltr' id='par_1_22' title="bbox 362 4272 1607 4412">
     <span class='ocr_line' id='line_1_23' title="bbox 362 4272 1607 4412; baseline -0.002 -37"><span class='ocrx_word' id='word_1_138' title='bbox 362 4272 498 4376; x_wconf 88' lang='lat' dir='ltr'>Nam</span> <span class='ocrx_word' id='word_1_139' title='bbox 528 4275 712 4412; x_wconf 90' lang='lat' dir='ltr'>cupide</span> <span class='ocrx_word' id='word_1_140' title='bbox 738 4273 915 4410; x_wconf 85' lang='lat' dir='ltr'>fugere</span> <span class='ocrx_word' id='word_1_141' title='bbox 939 4273 1088 4393; x_wconf 82' lang='lat' dir='ltr'>feras,</span> <span class='ocrx_word' id='word_1_142' title='bbox 1114 4310 1392 4410; x_wconf 84' lang='lat' dir='ltr'>pacemque</span> <span class='ocrx_word' id='word_1_143' title='bbox 1419 4297 1607 4373; x_wconf 86' lang='lat' dir='ltr'>seoutae</span> 
     </span>
    </p>
   </div>
   <div class='ocr_carea' id='block_1_3' title="bbox 315 4434 1615 4586">
    <p class='ocr_par' dir='ltr' id='par_1_23' title="bbox 315 4434 1615 4586">
     <span class='ocr_line' id='line_1_24' title="bbox 315 4434 1615 4586; baseline 0.002 -38"><span class='ocrx_word' id='word_1_144' title='bbox 315 4434 322 4453; x_wconf 31' lang='grc' dir='ltr'>ι</span> <span class='ocrx_word' id='word_1_145' title='bbox 361 4446 509 4569; x_wconf 87' lang='lat' dir='ltr'>Sunt,</span> <span class='ocrx_word' id='word_1_146' title='bbox 536 4470 588 4547; x_wconf 89' lang='lat' dir='ltr'>et</span> <span class='ocrx_word' id='word_1_147' title='bbox 610 4448 751 4585; x_wconf 86' lang='lat' dir='ltr'>larga</span> <span class='ocrx_word' id='word_1_148' title='bbox 777 4486 866 4547; x_wconf 89' lang='lat' dir='ltr'>suo</span> <span class='ocrx_word' id='word_1_149' title='bbox 894 4449 999 4547; x_wconf 91' lang='lat' dir='ltr'>sine</span> <span class='ocrx_word' id='word_1_150' title='bbox 1025 4447 1215 4584; x_wconf 83' lang='lat' dir='ltr'>pabula</span> <span class='ocrx_word' id='word_1_151' title='bbox 1241 4472 1387 4586; x_wconf 89' lang='lat' dir='ltr'>parta</span> <span class='ocrx_word' id='word_1_152' title='bbox 1410 4448 1615 4551; x_wconf 83' lang='lat' dir='ltr'>labore:</span> 
     </span>
    </p>
   </div>
   <div class='ocr_carea' id='block_1_4' title="bbox 359 4620 1620 5115">
    <p class='ocr_par' dir='ltr' id='par_1_24' title="bbox 359 4620 1620 5115">
     <span class='ocr_line' id='line_1_25' title="bbox 364 4620 1584 4759; baseline 0.002 -37"><span class='ocrx_word' id='word_1_153' title='bbox 364 4620 495 4742; x_wconf 83' lang='lat' dir='ltr'>Quae</span> <span class='ocrx_word' id='word_1_154' title='bbox 522 4623 700 4723; x_wconf 88' lang='lat' dir='ltr'>damus</span> <span class='ocrx_word' id='word_1_155' title='bbox 725 4622 957 4723; x_wconf 84' lang='lat' dir='ltr'>utilitatis</span> <span class='ocrx_word' id='word_1_156' title='bbox 984 4661 1159 4723; x_wconf 89' lang='lat' dir='ltr'>eorum</span> <span class='ocrx_word' id='word_1_157' title='bbox 1184 4624 1394 4759; x_wconf 86' lang='lat' dir='ltr'>praemia</span> <span class='ocrx_word' id='word_1_158' title='bbox 1418 4660 1584 4724; x_wconf 83' lang='lat' dir='ltr'>causa.</span> 
     </span>
     <span class='ocr_line' id='line_1_26' title="bbox 359 4794 1604 4939; baseline 0 -43"><span class='ocrx_word' id='word_1_159' title='bbox 359 4797 447 4917; x_wconf 87' lang='lat' dir='ltr'>At,</span> <span class='ocrx_word' id='word_1_160' title='bbox 475 4798 618 4936; x_wconf 90' lang='lat' dir='ltr'>queis</span> <span class='ocrx_word' id='word_1_161' title='bbox 643 4796 716 4897; x_wconf 93' lang='lat' dir='ltr'>nil</span> <span class='ocrx_word' id='word_1_162' title='bbox 740 4794 921 4897; x_wconf 92' lang='lat' dir='ltr'>horum</span> <span class='ocrx_word' id='word_1_163' title='bbox 947 4796 1128 4939; x_wconf 84' lang='lat' dir='ltr'>tribuit</span> <span class='ocrx_word' id='word_1_164' title='bbox 1152 4820 1349 4917; x_wconf 88' lang='lat' dir='ltr'>natura,</span> <span class='ocrx_word' id='word_1_165' title='bbox 1376 4836 1468 4899; x_wconf 86' lang='lat' dir='ltr'>nec</span> <span class='ocrx_word' id='word_1_166' title='bbox 1493 4799 1604 4934; x_wconf 88' lang='lat' dir='ltr'>ipsa</span> 
     </span>
     <span class='ocr_line' id='line_1_27' title="bbox 361 4968 1620 5115; baseline 0.004 -46"><span class='ocrx_word' id='word_1_167' title='bbox 361 4968 553 5109; x_wconf 83' lang='lat' dir='ltr'>Sponte</span> <span class='ocrx_word' id='word_1_168' title='bbox 579 5010 668 5073; x_wconf 88' lang='lat' dir='ltr'>sna</span> <span class='ocrx_word' id='word_1_169' title='bbox 691 4994 898 5115; x_wconf 88' lang='lat' dir='ltr'>possent</span> <span class='ocrx_word' id='word_1_170' title='bbox 921 4995 981 5075; x_wconf 90' lang='lat' dir='ltr'>ut</span> <span class='ocrx_word' id='word_1_171' title='bbox 998 4974 1183 5092; x_wconf 86' lang='lat' dir='ltr'>vivere,</span> <span class='ocrx_word' id='word_1_172' title='bbox 1207 5010 1299 5073; x_wconf 87' lang='lat' dir='ltr'>neo</span> <span class='ocrx_word' id='word_1_173' title='bbox 1326 4972 1448 5073; x_wconf 88' lang='lat' dir='ltr'>dare</span> <span class='ocrx_word' id='word_1_174' title='bbox 1472 4970 1620 5075; x_wconf 91' lang='lat' dir='ltr'>nobis</span> 
     </span>
    </p>
   </div>
   <div class='ocr_carea' id='block_1_5' title="bbox 0 0 2220 5984">
    <p class='ocr_par' dir='ltr' id='par_1_25' title="bbox 0 0 2220 5984">
     <span class='ocr_line' id='line_1_28' title="bbox 0 0 2220 5984; baseline 0 3"><span class='ocrx_word' id='word_1_175' title='bbox 0 0 2220 5984; x_wconf 95' lang='lat' dir='ltr'> </span> 
     </span>
    </p>
   </div>
  </div>
 </body>
</html>
