4432 5984
663 432 933 529 LIBER
994 433 1396 529 TERTIUS.
1451 562 1454 569 Ι
1675 432 1769 531 tal

278 692 412 814 Quae
438 694 652 795 nuncin
678 716 850 794 nostro
876 693 1165 795 dominatur
1190 733 1417 832 corpore,
1442 716 1562 795 nata

280 864 363 967 Ex
388 868 475 968 illa
501 907 618 1007 quae
648 891 767 968 tunc
792 868 980 1004 peritat
1004 868 1192 1007 partita
1216 906 1310 1005 per
1334 892 1486 970 artus.

279 1036 609 1177 Quapropter
632 1078 800 1178 neque
825 1041 981 1140 natali
1005 1041 1200 1177 privata
1224 1042 1427 1141 videtur

279 1208 402 1311 Esse
429 1211 510 1311 die
535 1236 717 1315 natura
742 1214 940 1332 animae,
965 1251 1135 1351 neque
1160 1211 1351 1315 funeris
1377 1254 1573 1356 expers.

212 1484 222 1503 ,
348 1385 552 1488 Semina
576 1410 824 1526 praeterea
847 1386 1170 1525 linquuntur,
1197 1426 1381 1533 necne,¹
1401 1393 1586 1495 animai

277 1556 504 1697 Corpore
530 1563 583 1665 in
610 1562 876 1662 exanimo?
914 1560 1052 1699 quod
1081 1562 1121 1661 si
1148 1559 1470 1699 linquuntur,
1499 1587 1551 1665 et
1576 1566 1763 1686 insunt,

277 1728 434 1832 Haud
460 1736 570 1855 erit,
592 1758 650 1836 ut
675 1737 853 1836 merito
879 1736 1173 1838 immortalis
1200 1738 1357 1874 possit
1383 1734 1589 1865 haberi;

274 1906 513 2012 Partibus
538 1913 727 2012 amissis
753 1913 994 2049 quoniam
1018 1906 1176 2008 libata
1200 1912 1417 2011 recessit.

275 2080 364 2184 Sin
393 2085 463 2185 ita
487 2087 690 2187 sinceris
716 2083 954 2185 membris
979 2082 1148 2183 ablata
1171 2080 1416 2221 profugit,

273 2251 349 2356 Ut
374 2256 538 2357 nullas
564 2259 750 2394 parteis
774 2259 828 2358 in
852 2296 1060 2396 corpore
1086 2256 1297 2397 liquerit
1322 2294 1386 2355 ex
1412 2294 1481 2376 se,
1600 2312 1604 2317 ·

272 2426 427 2530 Unde
452 2430 694 2530 cadavera
720 2432 946 2533 rancenti
962 2432 1070 2569 jam
1094 2433 1282 2534 viscere
1309 2431 1519 2530 vermeis

273 2601 582 2743 Exspirant?
622 2628 777 2747 atque
803 2604 939 2706 unde
965 2608 1276 2707 animantum
1303 2604 1449 2741 copia
1472 2627 1618 2711 tanta

272 2775 411 2879 Exos
437 2802 488 2879 et
512 2780 785 2918 exsanguis
810 2778 1032 2881 tumidos
1057 2780 1367 2917 perfluctuat
1391 2783 1562 2881 artus?

343 2949 496 3071 Quod
524 2953 563 3053 si
589 2953 717 3053 forte
745 2952 935 3052 animas
960 2952 1272 3075 extrinsecus
1299 2952 1546 3057 insinuari

268 3122 560 3248 Vermibus,
587 3151 638 3228 et
663 3128 806 3267 priva
831 3127 870 3227 si
898 3129 948 3225 in
975 3112 1187 3265 corpora
1212 3165 1356 3266 posse
1382 3128 1553 3231 venire

273 3293 468 3420 Credis,
495 3339 588 3401 neo
612 3323 817 3438 reputas
842 3337 934 3402 cur
957 3300 1116 3399 millia
1139 3301 1301 3401 multa
1327 3304 1607 3405 animarum

272 3471 607 3597 Conveniant,
633 3477 772 3577 unde
797 3513 900 3575 una
923 3476 1212 3577 recesserit:
1252 3473 1348 3578 hoc
1371 3500 1541 3579 tamen
1568 3500 1645 3578 est
1668 3501 1727 3581 ut

270 3648 620 3771 Quaerendum
644 3653 892 3775 videatur,
919 3675 970 3753 ct
994 3653 1047 3751 in
1073 3649 1342 3753 discrimen
1368 3654 1622 3792 agendum
1642 3694 1657 3780 3

267 3825 457 3931 Utrum
482 3828 687 3932 tandem
713 3829 894 3929 animae
918 3847 1169 3929 venentur
1193 3825 1383 3924 semina
1408 3864 1633 3966 quaeque
1756 3926 1760 3931 .

266 3998 692 4123 Vermiculorum,
718 4003 947 4141 ipsaeque
974 3998 1071 4109 sibi
1094 3998 1406 4101 fabricentur
1428 3999 1518 4102 ubi
1543 4004 1664 4125 sint,

265 4176 347 4279 An
368 4178 477 4315 jam
503 4176 798 4315 corporibus
824 4174 1061 4313 perfectis
1085 4175 1423 4276 insinuentur.

265 4350 337 4452 At
360 4390 529 4493 neque
554 4389 646 4452 cur
670 4349 857 4451 faciant
881 4350 1021 4486 ipsae,
1049 4386 1269 4486 quareve
1294 4348 1541 4472 laborent,

266 4521 451 4626 Dicere
468 4525 776 4664 suppeditat,
787 4561 956 4662 neque
971 4522 1631 4667 enim,sinecorporequom
1643 4530 1758 4651 sint,

268 4698 508 4805 Sollicitae
526 4700 740 4801 volitant
757 4697 962 4818 morbis,
990 4697 1233 4837 alguque,
1260 4698 1513 4838 fameque.

267 4872 469 5011 Corpus
494 4875 626 4975 enim
655 4874 815 5013 magis
840 4870 919 4973 his
942 4872 1077 4972 vitiis
1102 4873 1270 4975 adfine
1294 4872 1523 4998 laborat3

266 5045 336 5149 Et
359 5047 492 5163 mala
515 5050 677 5151 multa
701 5049 899 5151 animus
923 5048 1126 5188 contegi
1151 5047 1386 5190 fungitur
1410 5046 1532 5184 ejus.

999 5232 1021 5274 s
