4432 5984
491 100 561 229 68
823 119 884 207 Τ.
951 112 1381 207 LUCRETII
1443 110 1659 205 CARI

568 371 705 474 Nam
725 375 865 513 quod
885 414 998 477 rara
1015 374 1157 475 vides
1182 374 1344 512 magis
1360 411 1467 475 esse
1482 376 1727 476 animalia
1742 372 2023 515 quaedam,

497 547 909 689 Foecundamque
937 553 1103 653 minus
1129 574 1358 651 naturam
1387 553 1548 651 cernis
1572 551 1625 651 in
1651 551 1802 675 illis;

494 724 568 824 At
591 727 815 864 regione,
845 729 1057 865 locoque
1084 727 1198 845 alio,
1225 728 1475 864 terrisque
1502 727 1729 847 remotis,

499 895 671 998 Multa
694 901 815 1001 licet
837 940 1025 1039 genere
1051 938 1158 999 esse
1185 901 1237 999 in
1263 938 1339 1019 eo,
1367 936 1750 1037 numerumque
1779 898 2009 1037 repleri.

500 1071 644 1173 Sicut
669 1075 1061 1213 quadrupedum
1090 1113 1206 1175 cum
1231 1076 1408 1210 primis
1434 1111 1539 1173 esse
1563 1071 1815 1175 videmus

499 1246 562 1348 In
587 1288 774 1387 genere
800 1244 1134 1388 anguimanus
1159 1246 1472 1386 elephantos,
1504 1245 1650 1349 India
1674 1286 1937 1388 quorum

501 1421 737 1524 Millibus
762 1463 790 1524 e
816 1427 990 1526 multis
1014 1423 1401 1525 vallomunitur
1424 1421 1638 1542 eburno,

500 1597 576 1701 Ut
599 1602 804 1737 penitus
831 1625 1055 1745 nequeat
1080 1601 1366 1738 penetrari;
1403 1622 1546 1699 tanta
1570 1599 1805 1700 ferarum

500 1772 592 1875 Vis
617 1798 709 1894 est,
738 1814 956 1914 quarum
982 1815 1073 1875 uos
1099 1812 1355 1913 perpauca
1379 1774 1615 1911 exempla
1638 1773 1920 1879 videmus.

573 1948 672 2049 Sed
690 1972 857 2063 tamen
877 1949 929 2048 id
946 1987 1154 2088 quoque
1169 1949 1246 2049 uti
1263 1947 1551 2075 concedam,
1563 1987 1718 2086 quam
1734 1948 1906 2074 libet,
1919 1977 2040 2057 esto

501 2122 669 2226 Unica
692 2162 772 2222 res
797 2121 1034 2259 quaedam
1060 2123 1230 2223 nativo
1255 2160 1463 2259 corpore
1490 2123 1610 2242 sola,

504 2296 641 2420 Quoi
663 2299 836 2399 similis
861 2319 970 2397 toto
994 2320 1245 2396 terrarum
1272 2335 1372 2396 non
1401 2300 1465 2397 sit
1489 2300 1542 2397 in
1568 2295 1720 2397 orbe:

503 2472 713 2575 Infinita
736 2496 905 2572 tamen
932 2473 1028 2570 nisi
1053 2473 1150 2571 erit
1174 2473 1247 2573 vis
1273 2473 1498 2572 materiai

502 2648 657 2751 Unde
683 2687 741 2748 ea
766 2647 1189 2789 progignipossit
1213 2670 1473 2783 concepta,
1502 2648 1659 2747 creari

505 2822 626 2924 Non
643 2824 853 2960 poterit3
872 2858 1055 2958 neque,
1074 2822 1213 2958 quod
1235 2845 1479 2959 superest,
1496 2860 1839 2958 procrescere,
1869 2830 2090 2973 alique.

577 2998 786 3136 Quippe
810 3000 1000 3109 etenim
1027 3019 1229 3096 sumant
1253 2998 1403 3117 oculi,
1430 2997 1575 3097 finita
1600 3036 1693 3135 per
1716 3036 1882 3104 omne

471 3241 474 3245 ι
508 3174 737 3311 Corpora
753 3174 935 3311 jactari
964 3175 1114 3278 unius
1139 3175 1379 3311 genitalia
1405 3174 1527 3310 reji3

508 3349 679 3468 Unde,
709 3350 813 3468 ubi,
836 3388 941 3487 qua
964 3350 1030 3466 vi,
1058 3371 1109 3447 et
1135 3385 1237 3484 quo
1263 3370 1413 3482 pacto
1440 3386 1707 3484 congressa
1732 3347 1975 3461 coibunt

511 3525 914 3632 Materiae'tanto
941 3525 990 3622 in
1019 3523 1217 3658 pelag0,
1245 3522 1501 3659 turbaque
1528 3524 1723 3622 aliena?

513 3700 634 3800 Non
661 3704 747 3836 (ut
772 3701 979 3836 opinor)
1006 3696 1197 3797 habent
1223 3700 1467 3797 rationem
1495 3696 1828 3799 conciliandi:
1976 3794 1982 3805 .

513 3877 612 3976 Sed
642 3876 786 4013 quasi
811 3873 1087 4010 naufragiis
1113 3874 1309 4010 magnis
1329 3874 1605 4012 multisque
1631 3877 1830 3997 coortis
1916 3944 1923 3957 -

514 4050 794 4187 Disjectare
821 4050 948 4149 solet
971 4086 1214 4185 maguum
1241 4085 1376 4146 mare
1402 4071 1636 4169 transtra,
1664 4050 1927 4188 guberna,

513 4225 793 4343 AntennaS,
820 4261 1038 4362 proram,
1068 4223 1244 4340 malco,
1271 4245 1542 4361 tonsasque
1569 4227 1835 4348 natanteis,

516 4399 616 4500 Per
635 4423 880 4499 terrarum
909 4398 1101 4498 omneis
1126 4435 1236 4496 oras
1262 4398 1514 4529 fluitantia
1540 4399 1796 4534 aplustra3

516 4571 593 4676 Ut
619 4574 899 4688 videantur,
928 4594 980 4670 et
1005 4571 1248 4672 indicium
1275 4573 1570 4672 mortalibus
1596 4573 1766 4695 edant,

518 4748 671 4851 Infidi
697 4749 847 4847 maris
871 4747 1094 4866 insidiae,
1119 4748 1387 4885 vireisque,
1416 4747 1695 4889 dolumque
1812 4862 1819 4871 ¹
