4432 5984
569 356 1408 478 Llss'nlt'sucUNDUs.⁴
1694 381 1763 485 63

270 629 346 735 Ut
370 628 515 734 facile
541 670 782 775 agnoscas
802 677 828 739 e
848 638 1058 744 laevibus
1084 633 1242 782 atque
1265 625 1498 746 rotundis
1519 641 1524 649 ’

269 806 393 910 Esse
418 829 622 950 eaquae
649 851 822 915 sensus
839 814 1069 951 jucunde
1095 839 1303 956 tangere
1329 811 1571 956 possunt:

264 983 337 1083 At
361 1006 537 1086 contra
555 1023 672 1124 quae
697 1024 866 1089 amara
891 1011 1046 1129 atque
1071 1027 1248 1129 aspera
1271 1030 1476 1132 cunque
1501 995 1756 1122 videntur,

148 1220 152 1227 ·
264 1155 395 1260 Haec
420 1161 581 1299 magis
600 1159 813 1262 hamatis
839 1163 973 1264 inter
997 1154 1049 1265 se
1067 1203 1200 1266 nexa
1224 1135 1393 1266 teneri.
1402 1209 1415 1292 3
1494 1160 1498 1168 ’

262 1332 641 1473 proptereaque
668 1334 826 1434 solere
854 1337 955 1436 vias
982 1338 1265 1442 rescindere
1291 1344 1474 1445 nostris

260 1505 518 1628 Sensibus,
546 1506 861 1646 introituque
888 1547 979 1609 suo
1003 1546 1336 1650 perrumpere
1360 1555 1561 1655 corpus·

329 1670 519 1784 Omnia
542 1703 797 1818 postremo
824 1680 958 1782 bona
982 1682 1227 1807 sensibus,
1254 1710 1305 1786 et
1330 1691 1462 1792 mala
1477 1689 1642 1815 tactu,
1764 1707 1767 1715 ’

256 1857 503 1961 Dissimili
528 1858 663 1957 in'ter
687 1837 737 1956 se
762 1879 998 1994 pugnant
1020 1858 1247 1995 perfecta
1271 1861 1467 2001 figura:
1558 1867 1561 1874 ’
1726 1872 1728 1880 ’

255 2029 308 2133 N
313 2072 340 2133 e
365 2054 423 2132 tu
448 2028 577 2130 forte
597 2051 747 2167 putes
772 2068 923 2131 serrae
943 2031 1202 2134 stridentis
1227 2036 1467 2162 acerbum

253 2208 532 2310 Horrorem
558 2226 784 2307 constare
810 2207 1071 2308 elementis
1090 2208 1301 2311 laevibus
1327 2250 1475 2355 aeque
1510 2342 1515 2351 x
1667 2248 1670 2256 ’

249 2385 326 2486 Ac
351 2422 542 2484 musaea
564 2381 711 2501 mele,
738 2419 833 2521 per
850 2381 1064 2484 chordas
1083 2384 1309 2523 organici
1338 2426 1457 2527 quae

249 2557 532 2661 Mobilibus
559 2556 731 2695 digitis
756 2555 1112 2695 expergefacta
1137 2556 1376 2696 figurant.
1546 2644 1552 2676 ἶ
1634 2569 1638 2577 ’

317 2734 441 2838 Neu
467 2734 616 2834 simili
641 2753 907 2871 penetrare
932 2724 1083 2868 putes
1107 2732 1389 2868 primordia
1404 2735 1567 2840 forma

246 2913 308 3016 In
334 2913 498 3014 nareis
523 2909 804 3026 hominurn,
832 2883 988 3043 quom
1015 2926 1148 3006 tetra
1172 2904 1415 3019 cadavera
1439 2912 1651 3039 torrent,

246 3086 316 3190 Et
340 3124 498 3227 quom
526 3122 676 3186 scena
701 3119 847 3183 croco
877 3079 1022 3182 Cilici
1049 3079 1256 3218 perfusa
1280 3084 1454 3187 recens
1480 3111 1570 3211 est,

239 3262 449 3402 Araque
476 3256 753 3361 Panchaeos
779 3254 984 3356 exhalat
1006 3278 1218 3393 propter
1242 3258 1439 3366 odores.
1555 3272 1558 3275 ’
1685 3273 1688 3279 ’

310 3440 457 3542 Neve
484 3437 641 3538 bonos
666 3469 837 3545 rerum
863 3432 1014 3532 simili
1040 3427 1268 3551 constare
1294 3435 1486 3538 colores

239 3617 442 3719 Semine
468 3613 761 3729 constituas,
788 3605 959 3706 oculos
985 3605 1077 3744 qui
1102 3580 1307 3744 pascere
1330 3635 1562 3749 possunt,

237 3794 307 3897 Et
332 3793 424 3934 qui
449 3803 806 3926 compungunt
824 3779 999 3899 aciem,
1026 3779 1408 3923 lacrymarequc
1433 3813 1652 3926 cogunt:

186 3952 189 3958 ’
232 3971 342 4074 Aut
365 3965 500 4068 foeda
523 3962 689 4101 specie
707 3960 843 4080 tetri,
869 3981 1152 4096 turpesque
1176 3955 1431 4064 videntur.
1596 4097 1599 4103 Ι

235 4143 419 4248 Omnis
444 4140 578 4241 euim
607 4172 781 4237 sensus
807 4138 924 4272 quae
949 4122 1140 4235 mulcet
1164 4172 1330 4256 causa,
1349 4135 1616 4277 juvatque,

232 4318 389 4425 Haud
415 4318 521 4417 sine
546 4310 836 4452 principiali
862 4310 1036 4449 aliquo
1061 4308 1245 4410 laevore
1271 4332 1438 4410 creata
1462 4335 1565 4414 est:

228 4499 301 4599 At
325 4515 515 4608 contra,
536 4524 861 4627 quaecunquc
887 4486 1112 4603 molesta,
1133 4506 1289 4622 atque
1315 4521 1493 4624 aspera
1507 4511 1716 4611 constat,

228 4675 354 4780 Non
379 4670 553 4809 aliquo
578 4665 684 4765 sine
710 4662 934 4763 materiae
960 4658 1194 4798 squalore
1220 4680 1423 4796 reperta
1446 4683 1538 4763 est.

295 4849 429 4950 Sunt
451 4843 603 4945 etiam
630 4877 748 4977 quae
765 4831 874 4974 jam
900 4869 994 4933 nec
1017 4831 1163 4932 laevia
1178 4831 1297 4970 jure
1322 4854 1572 4969 putantur

224 5026 365 5145 Esse,
391 5051 562 5159 neque
586 5012 795 5116 omnino
819 5006 967 5110 flexis
990 5003 1317 5108 mucronibus
1342 5027 1502 5109 unca:
