4432 5984
752 364 1024 458 LIBER
1086 368 1486 462 TERTIUS.
1786 367 1883 479 107

389 624 676 731 Discidium
701 655 761 733 ut
785 649 1009 767 nequeat
1032 628 1141 728 fieri
1168 630 1275 729 sine
1301 657 1443 770 peste
1467 633 1734 771 maloque:

386 801 462 904 Ut
487 805 671 928 videas,
700 809 941 944 quoniam
967 805 1236 942 conjuncta
1259 830 1336 907 est
1359 846 1510 947 causa
1534 808 1723 928 salutis

388 976 727 1118 Conjunctam
755 1019 963 1122 quoque
989 1003 1223 1080 naturam
1248 983 1518 1082 consistere
1544 1019 1739 1086 eorum.

456 1152 614 1274 Quod
638 1181 885 1296 superest,
913 1158 955 1256 si
981 1155 1097 1294 quis
1123 1192 1308 1294 corpus
1334 1158 1520 1257 sentire
1547 1179 1766 1277 renutat,

381 1325 556 1467 Atque
584 1334 801 1433 animam
827 1332 989 1433 credit
1007 1333 1299 1468 permistam
1324 1369 1532 1469 corpore
1558 1354 1665 1432 toto

383 1500 649 1644 Suscipere
674 1505 812 1609 hunc
837 1531 1032 1608 motum
1058 1544 1213 1646 quem
1238 1544 1441 1607 sensum
1463 1507 1839 1629 nominitamus,

379 1672 482 1778 Vel
507 1681 795 1787 manifestas
821 1722 901 1784 res
926 1707 1103 1797 contra
1124 1719 1373 1821 verasque
1398 1703 1667 1820 repugnat.

380 1849 524 1971 Quid
549 1857 613 1955 sit
638 1858 772 1957 enim
799 1894 983 1996 corpus
1009 1858 1194 1958 sentire
1220 1858 1337 1996 quis
1363 1854 1557 1955 adferet
1584 1892 1827 1994 unquam,

379 2025 432 2125 Si
459 2067 562 2129 non
589 2031 699 2168 ipsa
722 2033 891 2168 palam
916 2033 1057 2171 quod
1081 2071 1161 2133 res
1187 2032 1330 2132 dedit
1353 2069 1410 2131 ac
1437 2030 1611 2131 docuit
1635 2034 1758 2130 nosl

375 2201 448 2300 At
473 2203 677 2307 dimissa
700 2210 868 2308 anima
891 2246 1075 2347 corpus
1102 2206 1239 2355 caret
1264 2207 1494 2345 undique
1521 2243 1687 2325 sensu,

376 2374 555 2478 Perdit
579 2382 713 2480 enim
740 2383 880 2520 quod
906 2422 1009 2484 non
1034 2385 1300 2523 proprium
1325 2379 1425 2482 fuit
1449 2388 1557 2482 eius
1582 2420 1718 2505 aev03

374 2546 649 2693 Multaque
674 2578 923 2694 praeterea
945 2555 1117 2697 perdit
1140 2597 1256 2659 cum
1276 2556 1554 2695 expellitur
1577 2595 1721 2682 aevo„

443 2725 629 2830 Dicere
656 2767 806 2867 porro
830 2732 1003 2833 oculos
1027 2732 1354 2833 nullam-rem
1380 2769 1584 2832 cernere
1608 2767 1772 2869 posse,

371 2902 472 3003 Sed
497 2942 590 3042 per
615 2943 699 3007 eos
725 2908 950 3008 animum
975 2931 1034 3008 ut
1058 2906 1253 3008 foribus
1280 2930 1506 3045 spectare
1532 2906 1756 3026 reclusis,

371 3076 620 3216 Desipere
645 3102 737 3201 est,
765 3105 941 3183 contra
967 3120 1125 3222 quom
1151 3121 1324 3183 sensus
1343 3083 1481 3184 (licat
1502 3120 1708 3182 eorum:

371 3252 560 3355 Sensus
586 3256 721 3355 enim
745 3255 918 3378 trahit,
945 3280 1101 3398 atquc
1126 3258 1257 3358 acies
1284 3255 1513 3357 detrudit
1536 3255 1598 3355 ad
1627 3257 1788 3394 ipsas:

368 3426 589 3568 Fulgida
612 3433 893 3567 praesertim
919 3470 1074 3571 quom
1099 3470 1303 3532 cernere
1329 3469 1462 3570 saepe
1488 3430 1773 3569 nequimus,

367 3600 588 3706 Lumina
611 3606 889 3707 luminibus
915 3608 1038 3746 quia
1061 3606 1208 3708 nobis
1232 3605 1651 3747 praepediuntur:

366 3776 524 3898 Quod
547 3776 741 3878 foribus
759 3818 863 3898 non
881 3779 971 3904 fit;
998 3818 1167 3920 neque
1187 3782 1340 3903 enim,
1358 3816 1462 3919 qua
1475 3779 1728 3880 cernimus
1742 3781 1854 3919 ipsi,
1873 3914 1879 3931 Ι

366 3951 514 4056 Ostia
539 3953 824 4091 suscipiunt
840 3954 1001 4056 ullum
1026 3957 1225 4057 reclusa
1249 3955 1489 4056 laborem.

430 4126 700 4248 Praeterea,
727 4128 770 4227 si
795 4165 890 4267 pro
914 4127 1108 4232 foribus
1132 4154 1252 4231 snnt
1273 4130 1468 4230 lumina
1491 4148 1677 4247 nostra,

358 4301 392 4405 J
397 4341 476 4403 am
503 4301 664 4440 magis
687 4305 937 4441 exemptis
955 4306 1115 4407 oculis
1140 4304 1326 4405 debere
1350 4303 1555 4404 videtur

362 4476 584 4580 Cernere
608 4514 689 4576 res
707 4478 905 4578 animus
930 4478 1141 4581 sublatis
1165 4478 1397 4619 postibus
1420 4478 1560 4617 ipsis.

428 4650 567 4752 Illud
591 4651 645 4752 in
669 4649 749 4751 his
773 4652 926 4755 rebus
950 4692 1280 4795 nequaquam
1305 4691 1503 4757 sumere
1527 4653 1703 4791 possis,

358 4826 640 4931 Democriti
665 4827 807 4968 quod
831 4854 1003 4933 saneta
1026 4832 1122 4933 viri
1148 4831 1397 4933 sententia
1419 4828 1582 4968 ponit,

359 5002 600 5143 Corporis
624 5024 779 5145 atque
803 5007 958 5109 animi
976 5006 1256 5147 primordia
1279 5004 1482 5146 singula
1504 5004 1681 5144 primis

1086 5192 1105 5236 P
1121 5188 1139 5238 2
