4432 5984
360 371 469 474 ³290
708 375 768 462 T.
836 366 1269 462 LUCRETII
1328 370 1545 467 CARI

369 630 693 734 Omnia-tum
717 669 835 732 vero
860 631 981 732 vitai
1008 630 1226 732 claustra
1249 630 1521 735 lababant:

368 806 591 946 Spiritus
615 844 702 907 ore
728 805 861 906 foras
885 827 1077 907 tetrum
1101 803 1336 906 volvebat
1359 806 1583 926 odorem,
1604 783 1607 788 ¹

366 979 597 1085 Rancida
623 1020 726 1121 quo
751 982 984 1122 perolent
1007 979 1233 1119 projecta
1258 980 1511 1131 cadavera
1525 984 1644 1084 ritu.
1690 950 1696 965 ⁰

231 1286 234 1293 Ι
365 1157 540 1297 Atque
565 1158 721 1258 animi
745 1194 979 1296 prorsum
1005 1157 1135 1256 vires
1159 1157 1332 1279 totiuS,
1359 1180 1412 1257 et
1435 1196 1585 1258 omne

248 1423 252 1431 .
367 1332 674 1474 Languebat
696 1372 897 1472 corpus,
924 1331 1051 1464 lethi
1070 1333 1177 1472 jam
1203 1330 1378 1431 limine
1399 1333 1455 1432 in
1483 1333 1611 1471 ipso.

369 1507 888 1650 intolerabilibusque
912 1483 1058 1611 mulis
1084 1527 1194 1607 erat
1217 1507 1398 1609 auxius
1421 1547 1589 1650 angor

367 1687 597 1789 Adsidue
624 1723 806 1809 comeo,
833 1710 885 1788 et
908 1687 1100 1826 gemitu
1119 1685 1390 1787 commista
1416 1686 1654 1825 querela3
1758 1654 1768 1672 .

343 1859 739 2000 ,Singultusque
764 1861 1007 2001 frequens
1031 1884 1229 1962 noctem
1255 1897 1502 1999 persaepe,
1530 1860 1785 2005 diemque,

372 2034 650 2175 Conripere
676 2037 888 2138 adsidue
913 2076 1091 2140 nervos
1115 2061 1168 2139 et
1187 2036 1419 2140 membra
1445 2062 1691 2160 coactans,

291 2194 296 2201 ’
368 2207 692 2344 Dissolvebat
717 2252 818 2334 eoo,
847 2213 1068 2314 defessos
1093 2236 1227 2335 ante,
1253 2210 1488 2353 fatigans.

370 2382 486 2487 Nec
512 2387 668 2488 nimio
688 2389 976 2528 quoiquam
1002 2425 1173 2525 posses
1198 2389 1377 2490 ardore
1402 2388 1537 2490 tueri

371 2559 610 2702 Corporis
634 2564 685 2664 in
714 2603 911 2666 summo
938 2602 1186 2666 summam
1212 2562 1491 2666 fervescere
1516 2587 1746 2703 partem3

370 2738 470 2840 Sed
497 2741 668 2879 potius
692 2739 924 2877 tepidum
950 2737 1494 2878 manibusproponere
1520 2748 1734 2867 tactum:

367 2915 438 3018 Et
463 2915 613 3016 simul
639 2915 896 3028 ulceribus
923 2915 1068 3052 quasi
1094 2916 1273 3015 inustis
1298 2954 1447 3016 omne
1472 2915 1656 3017 rubere

281 3128 283 3132 ·
370 3088 586 3230 CorpuS,
603 3114 662 3190 ut
687 3115 779 3214 est,
794 3130 890 3230 per
914 3087 1144 3190 membra
1168 3125 1307 3189 sacer
1325 3127 1481 3229 quoru
1503 3091 1698 3193 diditur
1715 3091 1864 3231 ignis

192 3339 195 3344 -
367 3263 557 3367 'Iutima
579 3303 697 3404 pars
722 3264 912 3366 homini
939 3303 1058 3366 vero
1083 3264 1337 3402 flagrabat
1354 3266 1419 3368 ad
1444 3304 1584 3367 ossa:

353 3457 400 3569 ,‘*‘
422 3439 697 3580 Plagrabat
721 3438 977 3542 stomacho
1002 3442 1223 3562 flamma,
1251 3466 1310 3542 ut
1333 3441 1624 3543 fornacibus
1649 3442 1818 3566 intus3

368 3613 461 3716 Nil
488 3616 614 3716 adeo
632 3637 809 3753 'posset
827 3615 1115 3753 quoiquam
1140 3616 1266 3738 leve,
1293 3616 1817 3758 tenuequememhris

367 3789 581 3894 Vertere
606 3794 659 3892 in
685 3793 988 3933 utilitatem:
1029 3791 1089 3891 ad
1118 3817 1325 3894 ventum
1344 3817 1404 3895 et
1428 3793 1618 3932 frigora
1644 3830 1845 3933 semper

254 4016 257 4024 ·
370 3967 431 4070 In
460 3970 856 4106 fluvios-partim
883 3971 1079 4109 gelidos
1104 3969 1333 4070 ardentia
1359 3966 1536 4069 morbo

368 4143 608 4247 Membra
632 4145 839 4265 dabant,
866 4147 1063 4248 nudum
1085 4147 1332 4285 jacientes
1358 4179 1541 4282 corpus
1566 4145 1622 4243 in*
1650 4141 1823 4245 undas.

368 4319 528 4422 Multi
548 4323 856 4460 praecipites
868 4321 1092 4461 lymphis
1118 4318 1410 4459 putealibus
1435 4321 1535 4421 alte

369 4495 686 4617 Inciderunt3
713 4489 824 4634 ipso
849 4497 1481 4639 venientes-creparente:

370 4670 729 4774 Insedabiliter
754 4674 861 4775 sitis
886 4674 1028 4776 arida
1053 4712 1265 4813 corpora
1289 4701 1524 4775 mersans

371 4846 635 4987 AEquabat
658 4849 878 4950 multum
905 4851 1073 4988 parvis
1097 4836 1397 4951 humoribus
1421 4847 1654 4955 imbrem.
1777 4985 1778 4988 Ν

442 5020 496 5126 N
501 5061 557 5124 ec
582 5025 922 5165 requieser'at
945 5026 1051 5137 ulla
1074 5026 1211 5161 mali,
1239 5025 1437 5130 defessa
1452 5024 1695 5167 jacebant
1728 5101 1733 5109 -
