4432 5984
444 292 502 390 ·'
670 337 968 429 'trena
1031 336 1387 432 paruus.
1717 329 1783 428 to

297 598 399 701 Per
421 595 665 717 medium,
691 634 785 734 per
809 634 912 698 nou
937 594 1162 698 medium
1189 564 1432 698 concedat
1455 620 1657 736 oportet

296 773 483 912 AEquis
509 768 837 910 ponderibus,
865 791 1030 870 motus
1056 807 1364 910 quacunque
1390 771 1656 875 feruntur:
1765 830 1770 841 ·

299 947 414 1050 Nec
441 940 714 1087 quisquam
739 944 880 1045 locus
904 966 996 1066 est,
1024 938 1129 1081 quo
1154 982 1367 1084 corpora
1403 985 1558 1086 quom
1583 984 1784 1076 venere,

299 1120 544 1224 Ponderis
569 1123 750 1222 amissa
773 1120 829 1244 vi¹
842 1119 1037 1257 possint
1058 1141 1190 1219 stare
1215 1123 1267 1223 in
1293 1122 1460 1222 inani:

300 1297 414 1400 Nec
442 1297 579 1438 quod
606 1299 755 1397 inane
782 1314 952 1394 autem
976 1312 1067 1410 est,
1093 1291 1185 1390 ulli
1212 1292 1482 1395 subsistere
1508 1293 1675 1420 debet,

300 1471 458 1593 Quin,
486 1509 577 1572 sua
602 1467 743 1609 quod
768 1459 950 1567 natura
973 1465 1118 1604 petit,
1146 1467 1419 1568 concedere
1445 1493 1641 1608 pergat.

300 1645 458 1747 Haud
483 1647 640 1784 igitur
663 1634 877 1781 possunt
899 1639 988 1738 tali
1014 1638 1207 1738 ratione
1231 1643 1392 1741 teneri

300 1817 401 1921 Res
426 1821 479 1920 in
506 1817 733 1950 concilio,
759 1812 914 1914 medii
938 1814 1227 1949 cuppedine
1249 1814 1413 1916 viotae.

300 1989 555 2092 Praeterea
579 1984 786 2130 quoque
802 1988 911 2124 jam
935 2023 1037 2086 non
1063 1987 1232 2086 omnia
1255 2023 1468 2124 corpora
1491 1990 1695 2131 lingunt
1772 2050 1776 2061 ·

301 2165 360 2267 In
390 2165 616 2267 medium
641 2165 752 2283 niti,
778 2160 866 2262 sed
890 2183 1156 2282 terrarum,
1183 2181 1336 2299 atque
1361 2163 1636 2302 liquorum,

302 2339 584 2442 Humorem
609 2336 770 2478 ponti,
797 2327 1099 2474 magnisque
1124 2373 1152 2434 e
1177 2334 1433 2438 montibus
1457 2341 1639 2464 undas,

302 2510 372 2614 Et
396 2512 542 2652 quasi
566 2535 765 2612 terreno
791 2545 907 2647 quae
933 2545 1142 2645 corpore
1167 2509 1548 2616 contineantur:
1580 2650 1582 2655 Ι

300 2685 373 2787 At
397 2708 571 2787 contra
594 2683 792 2783 tenueis
814 2702 1080 2820 exponunt
1104 2683 1232 2782 aeris
1258 2722 1421 2806 auras,

303 2860 373 2963 Et
397 2859 584 2963 calidos
609 2858 757 2958 simul
777 2896 807 2957 a
830 2856 997 2957 medio
1024 2853 1272 2958 differrier
1294 2859 1472 2997 igneis,

300 3036 476 3175 Atque
500 3033 615 3134 ideo
640 3053 804 3132 totum
830 3030 1234 3130 circumtremere
1257 3031 1448 3137 aethera
1470 3038 1645 3178 signis,

304 3207 373 3311 Et
398 3209 514 3309 solis
541 3210 793 3307 flammam
819 3244 914 3343 per
932 3207 1044 3306 coeli
1069 3208 1253 3308 caerula
1278 3209 1433 3345 pasci,

304 3380 459 3503 Quod
483 3382 619 3482 calor
642 3418 672 3480 a
696 3379 863 3481 medio
887 3379 1087 3518 fugiens
1111 3380 1184 3481 ibi
1208 3371 1430 3520 conliget
1452 3384 1648 3522 igneis3

210 3670 215 3682 ,
303 3555 542 3693 (Quippe
568 3555 718 3654 etiam
741 3555 873 3654 vesci
899 3593 927 3653 e
952 3575 1087 3655 terra
1111 3556 1340 3656 mortalia
1365 3559 1513 3659 saecla
1527 3601 1545 3683 3

306 3729 419 3832 Nec
445 3766 678 3865 prorsum
705 3725 967 3831 arboribus
992 3764 1212 3828 summos
1237 3729 1559 3835 frondescere
1584 3773 1747 3844 ramos
1801 3836 1807 3843 .

305 3899 473 4023 Posse,
501 3903 595 4002 uisi
621 3939 652 4000 a
675 3899 821 3999 terris
846 3899 1110 4036 paullatim
1136 3903 1320 4040 cuique
1346 3902 1564 4012 cibatum

301 4073 461 4176 Terra
486 4074 598 4208 det)
623 4095 676 4174 at
699 4109 853 4209 supra
875 4073 1063 4174 circum
1088 4096 1260 4213 tegere
1284 4080 1453 4181 omnia
1477 4084 1687 4213 eoelum3

305 4248 391 4352 Ne
417 4248 607 4349 volueri
632 4248 734 4347 ritu
758 4247 1091 4369 flammarum,
1118 4253 1300 4354 moenia
1324 4254 1502 4358 mundi

305 4420 597 4560 Diffugient
621 4418 787 4520 subito
813 4457 1053 4556 magnum
1079 4426 1344 4558 perinane
1371 4430 1552 4553 soluta,

305 4593 375 4697 Et
398 4634 462 4697 ne
488 4617 669 4696 caetera
693 4592 937 4694 consimili
962 4593 1155 4695 ratione
1180 4582 1486 4738 sequantur:

306 4767 453 4872 Neve
479 4790 630 4870 ruant
654 4769 763 4869 coeli
789 4767 1044 4868 tonitralia
1067 4772 1260 4909 templa
1284 4812 1518 4914 superne,

302 4938 563 5083 Terraque
588 4979 639 5044 se
664 4939 881 5080 pedibus
905 4943 1091 5080 raptim
1117 4942 1382 5072 subducat,
1410 4973 1462 5053 et
1485 4954 1680 5057 omneis
