4432 5984
384 352 485 455 968
701 349 795 453 Ὗ..
835 360 1273 456 LUCRETII
1332 365 1553 460 CARI

387 623 677 726 Diffindens
702 647 890 724 terram
916 658 1160 760 magnum
1185 625 1454 728 concinnat
1478 627 1704 734 hiatum:

386 798 449 899 In
474 797 632 937 Tyria
660 797 848 900 Sidone
875 796 1010 936 quod
1038 801 1238 921 accidit,
1266 824 1318 904 et
1343 803 1603 945 fuitAEgis

385 974 458 1099 In·
477 971 855 1113 Peloponneso:
897 1013 1023 1115 quas
1048 977 1214 1076 exitus
1240 976 1323 1080 hic
1349 982 1534 1082 animai
1635 1073 1638 1076 ,

387 1146 869 1270 Disturbaturbeis,
895 1173 947 1249 et
971 1171 1121 1250 terrae
1148 1173 1314 1252 motus
1338 1152 1576 1256 obortus!

321 1412 325 1421 .
388 1323 662 1465 Multaque
686 1348 936 1460 praeterea
962 1324 1257 1425 ceciderunt
1281 1330 1465 1430 moenia
1489 1336 1688 1471 magnis

389 1473 620 1602 Motibus
646 1502 698 1600 in
724 1503 888 1621 terris,
913 1523 967 1600 et
992 1500 1169 1601 multae
1197 1540 1292 1639 per
1317 1542 1454 1605 mare
1478 1545 1683 1644 pessum

388 1672 673 1775 Subsedere
699 1675 801 1775 suis
826 1676 1016 1813 pariter
1042 1711 1155 1773 cum
1183 1677 1377 1779 civibus
1403 1679 1571 1785 urbes.
1688 1757 1689 1761 κ

389 1848 665 1972 Quodnisi
693 1852 995 1989 prorumpit,
1023 1874 1193 1954 tamen
1219 1856 1438 1992 impetus
1464 1857 1573 1995 ipse
1601 1861 1786 1962 animai

387 2026 456 2128 Et
482 2028 587 2128 fera
609 2030 684 2129 vis
708 2031 845 2130 venti
871 2068 966 2168 per
991 2029 1168 2132 crebra
1192 2028 1438 2129 foramina
1464 2053 1612 2134 terrae

386 2201 719 2342 Dispertitur,
736 2228 807 2306 ut
831 2205 1038 2332 horror;
1062 2230 1129 2307 et
1153 2205 1338 2305 incutit
1361 2205 1480 2305 inde
1507 2230 1805 2313 tremorem:

386 2380 571 2521 Frigus
597 2384 671 2483 uti
698 2406 892 2483 nostros
917 2384 1121 2520 penitus
1146 2421 1302 2522 quom
1328 2383 1466 2483 venit
1492 2385 1543 2484 in
1570 2407 1724 2506 artus,

388 2557 645 2681 Concutit,
672 2559 854 2660 invitos
879 2595 1064 2695 cogens
1088 2580 1303 2657 tremere
1330 2580 1483 2695 atque
1510 2563 1714 2671 moveri.

384 2734 612 2873 Ancipiti
637 2735 896 2871 trepidant
920 2733 1079 2871 igitur
1103 2755 1294 2832 terrore
1318 2769 1410 2869 per
1436 2733 1635 2836 urbeis:

383 2907 540 3012 Tecta
565 2948 782 3048 superne
809 2911 1007 3029 timent,
1035 2909 1273 3007 metuunt
1296 2904 1492 3006 inferne
1519 2946 1756 3014 cavernas

383 3083 560 3186 'l'errai
584 3124 649 3185 ne
675 3084 920 3184 dissolvat
944 3106 1127 3184 natura
1151 3079 1392 3217 repente,

365 3259 506 3362 ·Neu
535 3261 775 3361 distracta
799 3258 1072 3359 suum‘iate
1100 3256 1373 3392 dispandat
1399 3254 1607 3380 hiatum,
1642 3311 1644 3315 ·

384 3433 552 3574 quue
578 3435 681 3533 suis
706 3431 915 3534 confusa
941 3433 1061 3533 velit
1086 3432 1339 3568 complere
1366 3434 1541 3534 ruinis.

455 3609 674 3710 Proinde
699 3610 833 3728 lieet,
856 3609 1086 3748 quamvis
1110 3609 1290 3710 coelum
1317 3631 1607 3747 terramque
1634 3633 1843 3730 reantur

384 3783 689 3921 Incorrupta
713 3783 820 3884 fore
847 3807 1051 3885 aeternae
1075 3785 1316 3885 mandata
1341 3784 1521 3886 saluti:

382 3959 622 4060 Attamen
648 3958 906 4060 interdum
932 3996 1156 4096 praesens
1179 3962 1254 4060 vis
1280 3961 1391 4096 ipsa
1415 3957 1592 4096 pericli

248 4165 254 4168 ’
383 4134 627 4236 Subditat
650 4133 787 4236 hunc
814 4135 1073 4235 stimulum
1101 4134 1324 4274 quadam
1350 4133 1413 4234 de
1439 4156 1583 4272 parte
1609 4132 1825 4253 timoris,

384 4309 469 4412 Ne
496 4309 714 4449 pedibus
740 4310 923 4447 raptim
951 4310 1103 4410 tellus
1130 4307 1410 4432 substracta
1428 4307 1621 4408 feratur

301 4471 302 4474 Ὺ
384 4483 447 4586 In
472 4483 784 4607 barathrum,
811 4523 1086 4625 rerumque
1113 4509 1358 4625 sequatur
1381 4482 1584 4622 prodita
1609 4522 1807 4587 summa

384 4659 651 4780 Funditus,
676 4683 730 4759 et
756 4660 845 4760 fiat
871 4660 1050 4761 mundi
1076 4661 1285 4776 confusa
1308 4662 1473 4762 ruina.
1791 4789 1796 4797 Ι

454 4835 611 4938 Nunc
637 4840 764 4938 ratio
789 4832 1074 4962 reddunda,
1103 4874 1323 4975 augmen
1348 4875 1440 4967 cur
1464 4836 1655 4970 nesciat
1680 4877 1873 4980 aequor.
2017 4978 2021 4986 ¹

382 5010 655 5150 Principia,
683 5053 820 5115 mare
846 5016 1095 5118 mirantur
1113 5050 1221 5115 non
1246 5012 1461 5114 reddere
1486 5012 1650 5151 majus
1698 5129 1701 5136 ,
1769 5101 1772 5108 ⁴
