4432 5984
308 390 409 487 118
646 398 706 485 T.
773 392 1203 488 LUCRETII
1268 392 1480 483 CARI

306 653 431 756 Esse
457 676 624 791 potest
648 656 830 774 anima,
856 691 1025 791 neque
1051 689 1272 753 seorsum
1296 652 1490 789 lingua,
1527 688 1622 751 nec
1650 684 1825 749 aures

306 828 518 968 Absque
543 830 708 930 anima
733 867 826 966 per
851 867 903 928 se
927 848 1142 966 possunt
1166 827 1368 943 sentire,
1396 864 1488 927 nec
1514 862 1638 927 esse.

378 1003 448 1105 Et
471 1006 711 1143 quoniam
730 1026 837 1103 toto
863 1002 1106 1102 sentimus
1131 1037 1340 1136 corpore
1367 1000 1527 1099 inesse

307 1177 529 1280 Vitalem
556 1216 773 1296 sensum,
800 1198 852 1276 et
874 1198 1039 1276 totum
1065 1211 1170 1272 esse
1196 1174 1410 1272 animale
1435 1172 1688 1291 videmus,

311 1352 362 1451 Si
391 1351 559 1453 subito
583 1351 808 1452 medium
834 1351 984 1450 celeri
1009 1346 1299 1486 praeciderit
1323 1348 1428 1448 ictu

309 1525 402 1626 Vis
428 1528 616 1665 aliqua,
644 1548 703 1626 ut
727 1562 947 1625 scorsum
971 1546 1166 1660 partem
1193 1544 1418 1622 secernat
1444 1544 1727 1661 utramque
1749 1562 1767 1645 ;

311 1698 593 1837 Dispertita
617 1698 955 1834 proculdubio
980 1736 1186 1837 quoque
1211 1698 1284 1796 vis
1310 1698 1511 1815 animai,

312 1875 381 1975 Et
406 1874 609 1975 discissa
633 1874 780 1973 simul
807 1910 923 1973 cum
948 1909 1157 2008 corpore
1184 1870 1490 2007 disjicietur:

311 2052 383 2150 At
409 2046 550 2189 quod
577 2047 840 2165 scinditur,
867 2069 920 2147 et
944 2048 1129 2185 parteis
1156 2044 1370 2146 discedit
1394 2046 1445 2144 in
1472 2044 1616 2163 ullas,

314 2223 517 2323 Scilicet
539 2242 779 2319 aeternam
805 2219 903 2319 sibi
928 2242 1160 2320 naturam
1181 2219 1360 2319 abnuit
1384 2254 1506 2317 esse.

316 2393 589 2495 Falciferos
613 2414 895 2492 memorant
921 2431 1096 2494 currus
1121 2390 1414 2493 abscindere
1437 2389 1667 2491 membra

314 2566 461 2705 Saepe
487 2570 557 2667 ita
581 2566 814 2667 desubito
838 2566 1080 2703 permista
1103 2564 1240 2667 caede
1267 2565 1520 2683 calenteis,

313 2738 390 2843 Ut
414 2764 627 2840 tremere
653 2742 704 2838 in
731 2761 867 2838 terra
889 2737 1121 2839 videatur
1146 2734 1209 2837 ab
1235 2735 1448 2838 artubus
1472 2738 1526 2837 id
1553 2734 1699 2876 quod

316 2911 525 3013 Decidit
538 2909 825 3033 abscissum3
843 2949 998 3049 quom
1007 2949 1147 3011 mens
1156 2934 1322 3010 tamen
1341 2908 1726 3049 atquehominis
1740 2912 1848 3015 vis·

315 3085 604 3188 Mobilitate
630 3086 749 3187 mali
773 3124 875 3185 non
902 3088 1015 3223 quit
1041 3088 1225 3187 sentire
1251 3085 1507 3186 dolorem:

315 3258 384 3362 Et
409 3262 557 3362 simul
583 3263 633 3360 in
661 3297 851 3396 pugnae
879 3261 1048 3360 studio
1074 3262 1215 3400 quod
1241 3260 1414 3361 dedita
1438 3296 1579 3359 mens
1603 3280 1701 3380 est,

317 3432 542 3571 Corpore
569 3471 683 3532 curn
709 3432 906 3569 reliquo
931 3470 1157 3571 pugnarn
1185 3435 1470 3575 caedeisque
1497 3434 1738 3572 petissit3

318 3606 432 3708 Nec
458 3629 611 3725 tenet,
640 3606 869 3704 amissam
896 3606 1071 3707 laevam
1099 3648 1214 3709 cum
1239 3609 1465 3745 tegmine
1492 3644 1627 3744 saepe

317 3780 458 3882 luter
482 3818 639 3918 equos
665 3777 898 3878 abstraxe
924 3804 1056 3882 rotas
1081 3783 1357 3920 falceisque
1384 3785 1644 3922 rapaceis:

319 3953 431 4055 Nec
458 3953 692 4053 cecidisse
719 3953 845 4051 alius
872 3951 1116 4076 dextram,
1146 3996 1298 4095 quom
1326 3959 1537 4077 scandit,
1564 3978 1616 4057 et
1633 3959 1830 4073 instat.

319 4127 446 4226 lnde
473 4128 599 4225 alius
625 4147 835 4225 conatur
860 4096 1097 4267 adempto
1124 4171 1329 4271 surgere
1349 4169 1510 4250 crure,

321 4302 488 4421 Quom
518 4301 702 4437 digitos
729 4301 885 4437 agitat
910 4326 1119 4439 propter
1144 4305 1477 4405 moribundus
1503 4301 1643 4403 humi
1669 4342 1817 4443 pes:

321 4475 388 4575 lit
412 4497 567 4612 caput
587 4472 878 4593 abscissum,
905 4476 1066 4575 calido
1090 4479 1390 4616 viventeque
1416 4499 1612 4597 trunco,

322 4654 500 4755 Servat
526 4649 668 4751 hurni
697 4652 886 4749 voltum
913 4649 1114 4749 vitalem
1139 4652 1412 4788 oculosque
1437 4650 1692 4787 patenteis

321 4826 500 4927 Donec
528 4826 785 4962 relliquias
811 4823 996 4922 animai
1021 4822 1243 4923 reddidit
1268 4826 1475 4924 omneis.

323 4999 466 5121 Quin
491 5000 641 5100 etiarn
668 4996 763 5098 tibi
789 4999 830 5098 si
855 4996 1030 5135 lingua
1055 4995 1283 5100 vibrante
1308 4997 1544 5098 minantis
