4432 5984
770 347 1042 440 LIBER
1105 345 1454 439 SEXTUS·
1752 344 1856 448 293

431 601 570 707 Illud
626 606 679 707 in
730 604 808 708 his
856 604 1009 707 rebus
1058 606 1399 708 miserandum
1450 629 1517 739 ct·
1548 643 1858 747 magnopere

424 850 431 874 ι
567 823 727 886 unum

357 953 712 1063 AErnmnabile
738 985 861 1083 erat,
890 959 1047 1101 qnod,
1074 959 1164 1061 nbi
1190 995 1241 1058 se
1268 957 1486 1096 quisque
1510 956 1719 1061 videbat

360 1129 673 1270 Implicitum
699 1134 890 1254 morbo,
918 1135 1069 1234 morti
1095 1133 1363 1233 damnatus
1389 1155 1449 1232 ut
1474 1156 1618 1256 esset,

360 1301 618 1408 Deficiens
645 1312 828 1430 animo,
860 1331 1035 1409 moesto
1062 1346 1176 1407 cum
1203 1307 1354 1408 corde
1374 1306 1578 1444 jacebat

361 1479 563 1583 Funera
587 1508 891 1623 respectans,
920 1486 1138 1585 animam
1165 1507 1216 1584 et
1240 1483 1476 1584 mittebat
1502 1481 1708 1588 ibidem.
1794 1471 1798 1479 Α

359 1655 570 1796 Quippe
597 1661 785 1759 etenim
810 1639 951 1759 nullo
977 1658 1241 1777 cessabant
1264 1682 1494 1796 tempore
1519 1660 1676 1797 apisci

359 1831 441 1935 Ex
468 1835 578 1934 aliis
603 1835 725 1935 alios
751 1834 884 1934 avidi
911 1835 1145 1970 contagia
1169 1832 1364 1933 morbi:

357 2006 526 2147 quue
552 2010 630 2112 vel
656 2011 709 2111 in
735 2013 911 2148 primis
937 2008 1231 2112 cumulabat
1255 2008 1433 2109 funere
1458 2008 1643 2111 funus:

360 2179 495 2283 Nam
525 2186 822 2323 quicunque
849 2222 964 2285 suos
988 2183 1280 2323 fugitabant
1303 2185 1462 2286 visere
1490 2183 1555 2283 ad
1580 2221 1761 2322 aegros,

355 2355 496 2457 Vitai'
521 2359 734 2459 nimium
760 2359 951 2497 cupidi,
978 2360 1255 2497 mortisque
1281 2359 1542 2479 timentes,

358 2527 594 2632 Poenibat
618 2533 793 2671 paullo
818 2556 934 2671 post
957 2534 1099 2669 turpi
1125 2556 1288 2635 morte
1315 2533 1553 2672 malaque

360 2705 619 2829 Desertoe,
647 2711 757 2847 opis
782 2709 1053 2846 experteis,
1080 2708 1295 2827 incuria,
1322 2730 1546 2808 mactans

360 2880 637 3021 Lanigeras
661 2907 908 3024 tanquam
928 2882 1169 3022 pecudea,
1191 2906 1244 2985 et
1270 2881 1457 2984 bucera
1482 2883 1645 2984 saecla.

431 3054 536 3175 Qui
561 3057 766 3158 fuerant
790 3082 960 3159 autem
985 3081 1194 3195 praesto,
1220 3055 1521 3192 contagibus
1547 3056 1709 3180 ibant,

358 3231 532 3370 Atque
560 3231 747 3353 labore,
775 3233 945 3370 pudor
971 3272 1123 3373 quem
1152 3256 1262 3333 tum
1289 3231 1505 3371 cogebat
1531 3231 1691 3354 obire,

359 3404 663 3545 Blandaque
690 3407 936 3510 lassorum
960 3386 1061 3511 vore
1084 3409 1233 3509 mista
1257 3444 1377 3509 voce
1404 3408 1643 3544 querelae.

360 3581 603 3718 Optimus
629 3584 725 3682 hoc
749 3582 876 3683 lethi
900 3621 1064 3720 genus
1089 3621 1210 3722 ergo
1232 3583 1451 3722 quisque
1478 3580 1715 3689 subibat:

359 3756 525 3896 Inque
552 3759 661 3857 aliis
686 3758 842 3857 alium
866 3760 1114 3896 populum
1143 3758 1357 3896 sepelire
1385 3794 1591 3859 suorum

361 3918 641 4051 Certantes,
668 3931 903 4071 lacrymis
927 3932 1043 4033 lassi
1069 3934 1317 4072 luctuque
1343 3931 1594 4035 redibant.

359 4104 487 4208 Inde
512 4105 698 4207 bonam
722 4131 920 4246 partem
946 4111 998 4208 in
1025 4108 1213 4209 lectum
1238 4144 1452 4208 moerore
1479 4106 1761 4212 dabantur:

360 4281 475 4385 Nee
500 4304 699 4420 poterat
725 4285 994 4423 quisquam
1021 4287 1250 4424 reperiri,
1279 4325 1432 4425 quem
1457 4326 1627 4427 neque
1647 4287 1853 4393 morbus

359 4455 472 4559 Nec
499 4496 648 4579 mors,
675 4498 769 4560 neo
794 4461 962 4562 luctus
984 4483 1206 4562 tentaret
1229 4483 1463 4599 tempore
1486 4462 1594 4564 tali.

426 4630 696 4754 Praeterea,
716 4634 824 4771 jam
850 4660 1040 4774 pastor,
1065 4660 1117 4738 et
1141 4637 1474 4738 armentarius
1499 4640 1679 4761 omnis,

357 4805 429 4910 Et
452 4807 692 4910 robustus
718 4812 838 4912 item
866 4814 1007 4914 curvi
1034 4813 1321 4913 moderator
1346 4814 1515 4932 aratri,

358 4983 714 5124 Languebant,
739 4989 1046 5128 penitusque
1071 4989 1197 5090 casis
1221 5009 1459 5091 contrusa
1474 4956 1716 5126 jacebant
