4432 5984
334 381 491 529 [sss
709 411 768 501 r.
835 405 1269 518 cncuurrr
1335 405 1548 503 cunr

396 665 824 805 Exprimitnrvis,
851 665 1146 805 atquevideo
1169 663 1518 804 volatimpete
1544 664 1688 791 miro,

392 837 468 942 Ut
491 839 680 976 validis¹
695 879 812 979 quae
838 840 1190 955 detormentis
1215 840 1365 940 missa
1383 839 1640 971 ⁴feruntur.

462 1001 612 1113 Adde
640 1015 775 1152 quod
804 1054 837 1115 e
858 1015 1105 1152 pervicac
1128 1009 1340 1113 laevibus
1366 1036 1442 1114 est
1466 1013 1756 1115 elementis:

397 1183 511 1288 Nec
537 1187 683 1293 facile
706 1211 782 1290 est
807 1190 896 1289 tali
920 1205 1116 1291 naturae
1141 1182 1382 1287 obsistere
1408 1185 1723 1325 quidquam3

361 1372 362 1375 ‘
395 1359 537 1460 Inter
560 1345 693 1460 enim
719 1360 867 1499 fugit,
896 1403 952 1463 ac
978 1383 1212 1501 penetrat
1235 1395 1330 1496 per
1353 1397 1466 1497 rara
1490 1361 1700 1464 viarum.
1785 1359 1788 1368 ’
1857 1339 1864 1349 ’

396 1531 557 1633 Non
546 1536 704 1687 rgitur
727 1536 914 1637 multis
922 1533 1235 1637 offensibus
1222 1570 1276 1632 rn
1303 1488 1601 1633 remorando

396 1704 642 1808 Haesitat:
680 1706 808 1812 banc
832 1708 899 1811 ob
925 1748 1030 1809 rem
1057 1709 1206 1809 celeri
1230 1704 1402 1805 volat
1390 1728 1577 1862 impete
1603 1704 1795 1813 labens
1871 1769 1874 1772 ⁴

468 1881 686 2001 Deinde,
715 1884 851 2022 quod
879 1887 1084 1984 omnino
1108 1886 1286 1983 natura
1316 1859 1542 2017 pondera
1566 1880 1806 1987 deorsum

399 2020 588 2158 Omnia
612 2061 873 2159 nituntur:
914 2098 1070 2197 quom
1097 2059 1248 2196 plaga
1272 2059 1337 2182 sjt
1362 2057 1536 2158 addita
1558 2093 1694 2175 vero,
1862 2051 1867 2060 ’

278 2205 281 2240 ⁵
398 2227 661 2333 Mobilitas
686 2231 992 2368 duplicatur,
1019 2255 1070 2331 et
1095 2234 1314 2370 impetus
1339 2232 1425 2330 ille
1449 2233 1726 2368 gravescit:

398 2403 474 2507 Ut
497 2405 860 2527 vehementiae,
887 2429 939 2507 et
963 2409 1126 2526 citius,
1155 2441 1476 2543 qnaecunque
1502 2406 1766 2506 morantur

402 2577 569 2682 Obvia
596 2582 832 2685 discutiat
856 2582 1038 2722 plagis,
1067 2582 1321 2720 itinerque
1348 2602 1608 2720 sequatur.

470 2754 727 2894 Denique,
756 2755 895 2894 quod
921 2755 1074 2892 longo
1099 2757 1237 2855 venit
1260 2757 1464 2893 impete,
1487 2792 1688 2855 sumere
1716 2752 1872 2868 debet

401 2925 758 3047 Mobilitatem,
780 2928 929 3027 etiarn
958 2950 1113 3065 atque
1138 2931 1288 3028 etiam
1316 2968 1432 3068 quae
1458 2932 1636 3031 crescit
1661 2932 1848 3053 eundo,

401 3101 471 3208 Et
494 3100 682 3205 validas
707 3125 861 3240 auget
884 3104 1048 3228 vireis,
1076 3125 1128 3201 et
1151 3102 1356 3204 roborat
1380 3105 1568 3205 ictum:

401 3274 450 3376 N
460 3274 700 3394 amvfacit,
727 3298 799 3395 ut,
828 3314 945 3414 quae
971 3277 1072 3377 sint
1096 3276 1450 3387 illiussemina
1473 3315 1714 3416 cumque,

400 3447 449 3557 E
474 3454 679 3588 regione
704 3450 872 3550 locum
897 3451 1040 3588 quasi
1066 3452 1118 3550 in
1145 3491 1306 3553 unum
1331 3475 1514 3556 cuncta
1537 3451 1783 3578 ferantur,
1809 3562 1813 3575 ,

403 3628 593 3728 Omnia
618 3624 887 3761 conjiciens
912 3623 965 3750 in
991 3661 1106 3724 eum
1133 3626 1384 3728 volventia
1408 3663 1626 3727 cursum.

475 3801 662 3902 Forsan
689 3822 828 3918 etex
853 3799 964 3934 ipso
985 3801 1188 3901 veniens
1213 3799 1371 3901 trabit
1395 3805 1511 3902 aere
1538 3801 1775 3938 quaedam

406 3974 649 4112 Corpora,
673 3972 794 4110 ¹qum
819 3972 984 4110 plagis
1008 3972 1283 4076 intendunt
1308 3975 1657 4075 mobilitatem.
1771 4054 1776 4059 -

475 4131 882 4284 Incolumeisque
906 4147 1046 4246 venit
1071 4184 1164 4284 per
1180 4187 1283 4281 res,
1310 4172 1466 4287 atque
1490 4150 1691 4287 integra
1719 4153 1897 4269 transit

407 4320 593 4443 Multa,
610 4317 947 4443 vforaminibus
972 4319 1194 4459 liquidis
1208 4324 1330 4461 quia
1352 4322 1568 4422 travolat
1591 4324 1753 4462 ignis:

409 4496 686 4634 Multaque
704 4492 990 4632 perfringit,
1018 4533 1173 4633 quom
1201 4533 1414 4634 corpora
1434 4496 1665 4597 fulminis
1685 4500 1797 4639 ipsu

301 4736 304 4743 -
409 4669 723 4810 Corporibus
746 4668 916 4770 rerum
942 4671 1229 4798 inciderint,
1257 4708 1362 4809 qua
1385 4692 1527 4795 texta
1549 4693 1805 4794 tenentur.
1833 4732 1860 4758 ι

378 4927 379 4930 a
479 4844 723 4947 Dissolvit
746 4882 897 4983 porro
922 4844 1074 4951 facile
1096 4893 1195 4974 aes,
1212 4889 1501 4991 aurumque-
1522 4876 1734 4991 repente

409 5018 809 5148 confervefacit5
848 5018 875 5124 e
900 5025 1072 5162 parvis
1093 5028 1219 5166 quia
1239 5026 1371 5131 lacta
1394 5028 1590 5146 minute
