4432 5984
381 318 480 417 128
717 327 777 415 T.
843 320 1264 417 LUCRETII
1328 324 1542 419 CARI

380 580 600 685 Credere
626 620 678 683 se
698 619 1010 723 quemquam
1030 581 1126 683 sibi
1145 622 1347 684 sensum
1365 584 1417 685 in
1437 604 1598 685 morta
1617 580 1914 687 futurum..

378 755 501 859 Non
529 762 616 893 (ut
638 760 846 895 opinor)
870 759 1005 857 enim
1031 756 1121 857 dat
1144 756 1282 895 quod
1309 760 1577 895 promittit,
1603 778 1658 857 et
1689 754 1836 857 inde

378 928 492 1033 Nec
517 933 759 1033 radicitus
784 970 812 1031 e
836 932 941 1031 vita
964 968 1015 1031 se
1040 931 1189 1050 tollit,
1217 955 1269 1031 et
1292 933 1438 1055 eicit;

377 1104 480 1207 Sed
505 1105 625 1207 facit
649 1144 755 1206 esse
781 1106 859 1206 sui
885 1104 1130 1243 quiddam
1157 1142 1312 1242 super
1335 1106 1521 1205 inscius
1545 1106 1674 1243 ipse.

374 1278 536 1383 Vivus
562 1283 695 1381 enim
724 1280 819 1381 sibi
845 1316 1000 1417 quom
1026 1280 1267 1416 proponit
1292 1282 1529 1418 quisque,
1555 1277 1818 1379 futurum

276 1464 279 1469 ’
375 1452 576 1593 Corpus
604 1457 678 1555 uti
704 1456 930 1557 volucres
957 1455 1178 1554 lacerent
1203 1456 1253 1553 in
1281 1476 1440 1554 morte
1466 1453 1723 1593 feraeque,

373 1628 492 1767 lpse
519 1630 597 1730 sui
620 1630 855 1730 miseret:
896 1668 1065 1767 neque
1090 1629 1225 1728 enim
1250 1664 1302 1727 se
1326 1626 1509 1729 dividit
1534 1626 1754 1747 hilum,'
1912 1732 1915 1737 ,

373 1803 489 1907 Nec
515 1826 739 1906 removet
763 1804 882 1903 satis
907 1841 938 1902 a
962 1802 1187 1940 projecto
1214 1838 1454 1938 corpore3
1492 1824 1544 1903 et
1568 1802 1707 1901 illud

373 1979 440 2081 Se
464 1980 629 2116 fingit,
658 2015 911 2117 sensuque
939 2014 1032 2075 suo
1057 1976 1366 2075 contaminat
1389 1976 1610 2079 adstans.

371 2158 510 2259 Hinc
536 2157 835 2293 indignatur
859 2192 911 2254 se
937 2151 1201 2259 mortalem
1226 2186 1332 2249 esse
1357 2172 1599 2265 creatum,

372 2330 486 2433 Nec
512 2330 666 2441 videt,
693 2331 746 2428 in
771 2366 889 2431 vera
912 2327 1113 2427 nullum
1136 2324 1243 2424 fore
1269 2347 1430 2425 morte
1455 2326 1610 2426 alium
1635 2362 1694 2427 se
1713 2368 1741 2453 3.

371 2503 475 2626 Qui
502 2506 660 2644 possit
681 2507 824 2606 vivus
850 2504 945 2603 sibi
971 2542 1022 2603 se
1047 2504 1224 2637 lugere
1250 2523 1589 2638 peremptum,

371 2685 622 2822 Stansque
641 2682 912 2819 jacentem,
939 2717 1032 2779 nec
1055 2676 1282 2793 lacerari,
1312 2675 1450 2773 urive
1476 2674 1665 2777 dolere.

369 2858 508 2960 Nam
536 2859 576 2958 si
603 2858 655 2955 in
682 2877 843 2955 morte
871 2856 1059 2955 malum
1086 2872 1161 2951 est
1180 2850 1324 2949 malis
1343 2888 1617 2990 morsuque
1637 2851 1905 2965 ferarum

365 3030 610 3150 Tractari,
637 3069 739 3129 non
766 3030 966 3129 invenio
993 3028 1082 3164 qul
1107 3063 1209 3124 non
1234 3025 1299 3123 sit
1322 3024 1561 3127 acerbum

367 3202 582 3341 ignibus
607 3203 898 3338 impositum
923 3202 1097 3302 calidis
1121 3212 1392 3299 torrescere
1417 3202 1634 3301 flammis
1648 3241 1664 3326 ;

365 3377 476 3476 Aut
501 3379 550 3476 in
579 3376 731 3475 melle
758 3377 911 3474 situm
938 3374 1189 3493 suffocari,
1215 3396 1371 3513 atque
1396 3376 1561 3512 rigere

366 3549 592 3688 Frigore,
620 3587 775 3687 quom
802 3551 853 3649 in
881 3587 1077 3649 summo
1102 3550 1257 3686 gelidi
1284 3548 1444 3650 cubat
1462 3588 1669 3689 aequore
1698 3557 1828 3659 saxi
1854 3602 1872 3685 3

364 3722 614 3860 Urgerive
641 3759 856 3858 superne
883 3722 1122 3823 obtritum
1152 3724 1376 3859 pondere
1401 3747 1564 3825 terrae.

434 3900 504 3996 At
520 3897 627 4031 jam
655 3934 754 3994 non
782 3896 961 3995 domus
986 3897 1198 4033 accipiet
1222 3920 1273 3996 te
1299 3900 1432 4017 laeta,
1458 3936 1629 4036 neque
1654 3936 1808 4007 uxor·

365 4070 593 4208 Optima,
620 4108 712 4169 nec
738 4070 910 4169 dulces
935 4093 1202 4169 occurrent
1226 4073 1396 4171 oscula
1414 4074 1519 4171 nati

363 4246 661 4380 Praeripere‚
690 4267 741 4342 et
764 4244 916 4343 tacita
941 4265 1117 4379 pectus
1137 4243 1407 4345 dulcedine
1432 4267 1676 4384 tangent3

362 4419 483 4519 Non
511 4418 699 4552 poteris
724 4415 868 4516 factis
892 4416 986 4517 tibi
1011 4415 1229 4516 fortibus
1254 4456 1360 4519 esse
1386 4422 1590 4559 tuisque

361 4589 636 4692 Prae-sidio:
681 4587 865 4687 Miser!
905 4629 936 4689 ο
962 4590 1136 4689 miser!
1177 4594 1335 4713 aiunt,
1360 4595 1529 4694 omnia
1553 4594 1757 4701 ademit

359 4764 479 4866 Una
505 4762 611 4861 dies
635 4762 815 4860 infesta
840 4761 934 4859 tibi
960 4783 1036 4860 tot
1061 4768 1270 4899 praemia
1293 4768 1426 4867 vitae.

360 4937 493 5038 Illud
518 4937 569 5035 in
598 4934 674 5035 his
700 4934 851 5035 rebus
876 4974 976 5035 non
1004 4935 1217 5060 addunt,
1242 4939 1292 5041 N
1298 4980 1353 5043 ec
1379 4940 1473 5042 tibi
1500 4979 1676 5045 earum
