4432 5984
366 265 437 368 ³6
680 276 742 366 r.
802 218 1233 368 nucaurrr
1293 276 1525 426 cam,
1585 420 1589 425 ‘

430 530 545 634 Nec
568 553 738 633 tamen
762 568 870 633 esse
895 532 1000 631 ulla
1023 553 1167 670 parte
1192 528 1337 634 Idem
1362 534 1415 637 in
1440 534 1594 634 rebus
1617 533 1772 631 inane

362 704 628 823 Concedit,
653 743 823 844 neque
846 703 1143 842 corporibus
1164 704 1314 807 finem
1340 744 1447 807 esse
1473 703 1730 807 secandis:

361 879 536 1003 Quare
561 882 613 979 iu
639 901 857 1017 utraque
880 877 1004 978 mihi
1031 877 1222 1014 pariter
1245 879 1438 978 ratione
1460 878 1665 981 videtur

363 1024 745 1192 &raramque
764 1052 856 1175 illi,
882 1089 1065 1189 supera
1089 1088 1218 1188 quos
1243 1050 1464 1154 diximus
1489 1075 1624 1156 anta.
1727 1164 1730 1168 .

361 1328 366 1339 ,
430 1227 584 1329 Adde
608 1225 748 1364 quod
774 1223 1028 1325 imbecilla
1052 1226 1200 1326 nimis
1224 1226 1498 1364 primordia
1519 1226 1686 1364 fingit,

366 1401 419 1502 Si
444 1399 722 1538 primordia
746 1419 881 1517 sunt,
907 1400 1056 1499 simili
1082 1438 1199 1538 quae
1224 1400 1441 1536 praedita
1463 1423 1697 1501 coustant

366 1574 584 1693 Natura,
609 1594 767 1711 atque
792 1573 1021 1709 ipsaeres
1047 1596 1182 1691 sunt,
1209 1612 1462 1712 aequeque
1487 1572 1735 1693 laborant,

365 1748 437 1852 Et
459 1768 697 1887 pereunt,
722 1783 891 1883 neque
916 1746 980 1846 ah
1000 1738 1157 1847 exitio
1181 1786 1260 1848 res
1284 1748 1390 1848 ulla
1411 1747 1681 1848 refraenat:

366 1921 506 2023 Nam
532 1922 657 2060 quid
688 1922 741 2021 in
765 1957 1013 2057 oppressu
1040 1920 1205 2021 valido
1226 1919 1431 2028 durabit
1455 1959 1647 2039 eorum,

364 2093 443 2199 Ut
467 2118 681 2202 mortem
705 2092 919 2232 effugiat
942 2089 1068 2195 lethi
1094 2094 1188 2198 sub
1214 2093 1454 2195 dentibus
1479 2096 1630 2233 ipsis?

367 2268 546 2410 Ignis!
582 2308 646 2373 an
688 2268 905 2371 humor?
943 2305 1006 2366 an
1032 2271 1182 2370 aural
1221 2268 1347 2408 quid
1375 2265 1591 2368 horum?
1630 2268 1866 2407 sanguis?

507 2482 572 2546 an
596 2447 738 2546 ossal
765 2539 769 2546 .

370 2615 482 2739 Nil,
508 2640 568 2718 ut
589 2620 785 2756 opinor,
813 2615 901 2718 ubi
927 2656 993 2717 ex
1017 2655 1166 2756 aequo
1191 2656 1271 2719 res
1291 2616 1521 2718 funditus
1546 2617 1710 2719 omnis

368 2789 497 2893 Tam
523 2792 746 2895 mortalis
770 2793 881 2911 erit,
909 2829 1063 2930 quam
1091 2829 1209 2929 quae
1236 2791 1500 2891 manifesta
1522 2792 1754 2893 videmus

373 2964 455 3069 Ex
478 2969 638 3068 oeulis
663 2968 846 3066 nostris
871 2967 1044 3105 aliqua
1067 2969 1116 3065 vi
1141 2967 1273 3066 victa
1296 2968 1477 3102 perire.

370 3145 445 3245 At
469 3182 636 3283 neque
656 3142 881 3242 recidere
899 3140 963 3240 ad
986 3138 1199 3239 nihilum
1219 3177 1298 3238 res
1316 3176 1478 3276 posse,
1499 3178 1669 3278 neque
1694 3162 1866 3240 autem

377 3314 615 3418 Crescere
633 3317 704 3415 de
730 3313 905 3433 nihilo,
931 3335 1089 3412 testor
1106 3339 1191 3411 'res
1215 3333 1331 3411 ante
1356 3310 1608 3448 probatas,

446 3490 716 3607 Praeterea,
744 3486 987 3625 quoniam
1013 3483 1157 3585 cibus
1180 3507 1336 3623 auget
1358 3522 1558 3622 eorpus),
1584 3488 1810 3628 alitque;

377 3663 517 3764 Scire
542 3664 675 3780 licet,
701 3658 847 3760 nobis
870 3697 1038 3778 venas,
1065 3681 1117 3758 et
1141 3695 1384 3795 sanguen,
1410 3681 1464 3757 et
1486 3697 1613 3780 ossa,
1752 3634 1761 3643 ⁶

379 3836 450 3939 Et
475 3874 652 3937 nervos
676 3835 973 3970 alienigenis
997 3871 1061 3932 ex
1086 3831 1317 3969 partibus
1340 3868 1477 3930 esse:

380 4009 500 4110 Sine
524 4008 662 4110 cibos
686 4009 878 4107 omneis
902 3969 1163 4105 commisto
1188 4043 1395 4143 corpore
1421 4004 1593 4105 dicent

380 4181 521 4302 Esse,
548 4205 600 4282 et
624 4179 810 4281 habere
836 4181 886 4278 in
916 4217 968 4277 se
994 4215 1263 4278 nervorum
1288 4215 1497 4314 corpora
1520 4216 1691 4315 parva,

382 4353 634 4495 Ossaque,
661 4377 712 4454 et
735 4356 942 4453 omnino
964 4389 1132 4468 venas,
1161 4350 1449 4488 parteisque
1473 4354 1687 4476 cruoris3

381 4528 610 4648 Fiet,uti
635 4526 778 4627 cibus
802 4527 980 4642 omnis,
1008 4546 1059 4622 et
1083 4522 1258 4623 aridus.
1278 4544 1330 4620 et
1353 4522 1523 4658 liquor
1546 4525 1671 4660 ipse,

383 4699 463 4803 Ex
490 4701 784 4835 alienigenis
810 4698 964 4799 rebus
988 4717 1216 4798 constare
1240 4716 1465 4831 putetur,
1524 4780 1529 4795 .
1565 4793 1569 4800 .

384 4874 615 4994 Ossibus,
637 4895 690 4971 et
707 4871 888 4991 nervis,
913 4871 1174 5008 venisque,
1201 4891 1253 4968 et
1278 4869 1522 5003 sauguine
1547 4870 1710 4973 misto.
