4432 5984
361 417 462 511 aaa
694 421 753 512 r.
821 400 1530 518 'noenum-maru

362 677 545 782 Manat
569 682 691 784 item
716 679 862 783 nobis
888 722 916 783 e
940 702 1047 783 toto
1071 718 1282 820 corpore
1308 682 1478 808 sudor,

365 855 559 959 Crescit
584 859 757 980 barba,
783 859 980 998 pilique
1004 895 1099 998 per
1115 850 1285 961 omnia
1303 851 1545 982 membra,
1565 898 1660 1001 per
1684 882 1853 963 artus:

364 1030 578 1136 Diditur
602 1037 656 1136 in
674 1075 825 1138 venas
851 1033 993 1137 cibus
1021 1035 1230 1155 omneis,
1259 1059 1413 1174 auget
1437 1037 1632 1175 alitque

367 1206 606 1347 Corporis
631 1233 880 1311 extremas
904 1240 1114 1349 quoquc
1138 1210 1343 1347 parteis,
1371 1211 1790 1351 unguiculosquc.

364 1380 547 1521 Frigus
572 1386 693 1486 item
718 1385 934 1486 transire
959 1422 1053 1522 per
1079 1421 1163 1506 aes,
1191 1385 1517 1525 calidumque
1541 1414 1783 1523 vaporem

366 1558 651 1662 Sentimus:
692 1563 937 1662 sentimus
962 1562 1083 1662 item
1109 1562 1321 1663 transire
1347 1599 1442 1700 per
1467 1592 1665 1683 aurum,

363 1733 538 1875 Atque
562 1773 655 1874 per
680 1758 964 1874 argentum,
993 1774 1149 1874 quom
1175 1738 1357 1873 pocula
1383 1738 1535 1875 plena
1559 1757 1805 1837 tenemus.

366 1906 609 2049 Denique
635 1948 729 2048 per
753 1910 977 2047 dissepta
1003 1909 1268 2011 domorum
1293 1950 1442 2012 saxea
1466 1886 1629 2048 voces

367 2082 693 2205 Pervolitant,
719 2107 984 2222 permanat
1008 2068 1148 2206 odoS,
1174 2083 1456 2224 frigusque,
1484 2118 1742 2223 vaposque

368 2257 538 2398 Ignis:
580 2263 702 2399 quin
730 2259 851 2361 ferri
878 2298 1086 2399 quoque
1112 2262 1211 2362 vim
1237 2284 1505 2399 penetrare
1535 2249 1716 2379 suiivit,

225 2488 228 2493 ·
367 2408 616 2574 Undique
642 2474 747 2574 qua
773 2437 960 2537 circum
987 2437 1352 2574 corpuslorica
1377 2457 1588 2555 coercet,

170 2620 173 2625 ’
280 2668 282 2672 -
369 2606 612 2712 Morbida
636 2613 710 2712 vis
736 2648 1059 2749 quaecunque
1086 2614 1396 2713 extrinsecus
1422 2612 1721 2713 insinuatur.

367 2784 438 2887 Et
463 2810 787 2924 tempestates
812 2809 947 2887 terra
972 2781 1200 2925 coeloque
1227 2808 1411 2887 coortae

336 2944 341 2953 ⁸
368 2959 414 3062 E
438 2964 561 3062 ooelo
587 2986 768 3063 emotae
794 2985 1034 3101 terraque
1061 2983 1270 3099 repente
1296 2960 1564 3080 facessunt,

368 3132 802 3275 Quandoquidem
826 3135 954 3236 nihil
981 3159 1072 3257 est,
1094 3174 1202 3237 -non
1229 3172 1342 3234 raro
1368 3164 1578 3270 corpore
1603 3172 1808 3239 nexum.

440 3310 558 3411 Huc
583 3313 796 3432 accedit,
823 3313 900 3413 uti
926 3351 1025 3411 non
1053 3313 1221 3412 omnia
1247 3349 1365 3450 quac
1383 3310 1646 3447 jaciuntur

371 3484 599 3622 Corpora
623 3525 830 3624 cunque
858 3486 920 3587 ab
947 3485 1113 3606 rebus,
1140 3482 1318 3585 eodem
1346 3483 1561 3622 praedita
1588 3520 1736 3586 sensu
1864 3521 1868 3529 ’

368 3662 541 3799 Atque
568 3662 749 3762 eodem
775 3685 925 3799 pacto
951 3660 1103 3761 rebus
1130 3661 1231 3761 sint
1254 3659 1489 3760 omnibus
1513 3682 1649 3796 apta.

369 3836 643 3974 Principio,
670 3859 857 3938 terram
884 3837 956 3937 sol
983 3837 1239 3974 excoquit,
1267 3834 1464 3935 etfacit
1489 3871 1605 3938 are:

368 4011 440 4112 At
464 4013 677 4150 glaciem
705 4010 944 4132 dissolvit,
972 4032 1024 4112 et
1049 4013 1161 4112 altis
1188 4008 1449 4123 montibus
1473 4010 1574 4110 alte

373 4187 669 4289 Exstructas
696 4188 928 4327 ningueis
954 4187 1106 4288 radiis
1131 4183 1387 4285 tabescere
1412 4184 1578 4319 cogit3
1747 4182 1750 4187 ’

368 4361 608 4502 Denique
634 4402 747 4464 cera
774 4365 1007 4502 liquescit
1031 4365 1084 4464 in
1108 4365 1218 4503 ejus
1244 4356 1387 4502 pdsta
1405 4399 1624 4500 vapore5

371 4535 512 4675 Ignis
538 4542 658 4639 item
685 4539 938 4679 liquidum
966 4540 1091 4640 facit-
1112 4576 1196 4660 aes,
1223 4568 1512 4676 aurumque
1536 4539 1770 4640 resolvit:

371 4713 443 4813 At
467 4716 601 4814 coria
626 4733 684 4814 et
703 4752 902 4816 carnem
928 4714 1086 4817 trahit
1110 4737 1162 4815 et
1186 4711 1429 4815 conducit
1453 4715 1504 4814 in
1532 4750 1708 4816 unum.

371 4889 573 4990 Humor
597 4927 746 5028 aquae
772 4928 922 5028 porro
948 4889 1140 4992 ferrum
1166 4890 1415 4993 condurat
1438 4886 1503 4988 ab
1529 4888 1654 5028 igni,

371 5071 443 5178 At
467 5069 600 5168 coria
622 5091 673 5167 et
695 5102 898 5168 carnem
923 5067 1088 5168 mollit
1112 5065 1295 5167 durata
1319 5063 1514 5193 calore:
