4432 5984
366 292 471 387 108
689 298 749 386 Τ.
812 294 1245 386 LUCRETII
1308 296 1522 387 CARI

362 560 611 698 Adposita
638 558 845 659 alternis
868 558 1078 678 variare,
1107 597 1164 659 ac
1189 578 1390 657 nectere
1415 549 1658 656 membra.

365 732 502 836 Nam
530 771 687 872 quom
712 732 875 835 multo
901 756 1019 833 sunt
1044 733 1229 835 animai
1254 731 1505 829 elementa
1527 729 1733 829 minora

230 1016 238 1027 ,
365 906 534 1028 Quam
563 906 751 1046 quibus
776 946 804 1007 e
830 945 1014 1044 corpus
1040 906 1184 1007 nobis
1210 929 1263 1007 et
1285 906 1477 1005 viscera
1501 923 1772 1021 coustant,-

361 1082 497 1185 Tum
522 1121 734 1185 numero
761 1119 970 1220 quoque
996 1080 1299 1200 concedunt,
1326 1100 1378 1179 et
1402 1115 1515 1179 rara
1538 1115 1633 1215 per
1655 1100 1821 1179 artus

365 1258 557 1359 Dissita
582 1280 715 1377 sunt,
745 1256 994 1355 duntaxat
1017 1278 1077 1357 ut
1101 1253 1197 1354 hoc
1222 1254 1518 1391 promittere
1541 1252 1725 1390 possis,

365 1434 629 1556 Quantula
653 1434 817 1570 prima
842 1453 1036 1569 queant
1059 1428 1205 1530 nobis
1230 1427 1414 1564 injecta
1439 1426 1569 1526 ciere

366 1609 593 1748 Corpora
619 1604 883 1708 sensiferos
909 1629 1076 1705 motus
1102 1606 1154 1705 in
1180 1640 1408 1741 corpore,
1435 1622 1579 1701 tanta

364 1783 637 1885 intervalla
661 1805 833 1881 tenere
859 1780 1068 1880 exordia
1091 1781 1257 1917 prima
1281 1778 1482 1878 animai.

365 1959 503 2061 Nam
531 1996 699 2096 neque
725 1957 948 2093 pulveris
973 1954 1229 2054 interdurn
1257 1954 1499 2052 sentimus
1525 1951 1801 2059 adhaesum

366 2132 609 2271 Corpore,
638 2169 730 2230 nec
758 2128 997 2229 membris
1023 2131 1275 2229 incussam
1300 2125 1464 2227 sidere
1486 2149 1693 2248 cretam,

294 2334 297 2339 ’
364 2303 478 2409 Nec
505 2303 742 2406 nebulam
770 2327 940 2423 noctu,
968 2341 1060 2404 nec
1087 2305 1256 2403 aranei
1281 2302 1457 2403 tenuia
1479 2300 1567 2401 fila

365 2480 534 2585 Obvia
560 2480 819 2599 sentimus,
848 2478 1055 2618 quando
1079 2476 1362 2577 obretimur
1386 2499 1581 2599 euntes,

364 2656 479 2759 Nec
505 2693 657 2793 supra
682 2678 836 2792 caput
861 2654 1088 2792 ejusdem
1113 2648 1349 2750 cecidisse
1376 2651 1559 2751 vietam

363 2830 590 2948 Vestem,
611 2869 704 2929 nec
731 2830 932 2966 plumas
958 2828 1142 2944 avium,
1163 2860 1466 2963 papposque
1491 2826 1759 2947 volenteis,

366 3004 471 3126 Qui
497 3006 653 3105 nimia
677 3003 879 3104 levitate
907 3003 1097 3111 cadunt
1121 3007 1429 3143 plerumque
1454 3006 1735 3141 gravatim:

366 3178 481 3280 Nec
507 3176 730 3314 repentis
756 3178 883 3276 itum
911 3178 1377 3318 quujusviscunque
1402 3180 1673 3282 animantis

368 3354 642 3473 Sentimus,
664 3390 757 3452 nec
784 3353 927 3488 priva
952 3353 1144 3489 pedum
1169 3354 1381 3490 vestigia
1408 3392 1632 3493 quaeque

369 3527 594 3667 Corpore
621 3565 739 3665 quae
765 3527 816 3625 in
844 3548 1014 3626 nostro
1040 3529 1223 3629 culices
1249 3550 1300 3627 et
1323 3551 1506 3629 caetera
1528 3553 1748 3667 ponunt.

367 3704 548 3844 Usque
568 3703 694 3803 adeo
719 3703 863 3842 prius
890 3724 966 3801 est
990 3703 1042 3800 in
1068 3702 1214 3803 nobis
1240 3703 1401 3802 multa
1424 3703 1663 3804 ciendum

370 3878 590 3996 Semina,
619 3875 916 4012 corporibus
941 3881 1124 3980 nostris
1151 3881 1370 3981 immista
1394 3918 1488 4017 per
1512 3901 1667 3999 artus,

372 4056 542 4177 Quam
568 4053 844 4191 primordia
870 4056 1143 4155 sentiscant
1166 4094 1406 4157 concussa
1431 4055 1635 4174 animai,

372 4231 441 4332 Et
465 4267 619 4370 quam
645 4228 921 4328 intervallis
946 4232 1100 4330 tantis
1124 4231 1399 4331 tuditantia
1422 4230 1619 4367 possint

376 4405 706 4523 Concursare,
733 4403 882 4524 coire,
910 4425 961 4503 et
986 4404 1251 4505 dissultare
1275 4406 1511 4508 vicissim.

444 4581 515 4683 Et
538 4581 699 4717 magis
719 4600 794 4680 est
818 4578 1016 4678 animus
1039 4580 1160 4679 vitai
1178 4579 1395 4680 claustra
1420 4619 1672 4704 coercens,

375 4758 445 4862 Et
470 4758 811 4858 dominantior
836 4753 1090 4872 advitam,
1118 4791 1272 4891 quam
1297 4756 1370 4855 vis
1396 4759 1598 4862 animai.

376 4929 514 5034 Nam
541 4930 647 5030 sine
672 4949 845 5030 mente.
868 4930 1141 5069 animoque
1165 4932 1349 5071 nequit
1373 4934 1592 5037 residere
1611 4973 1706 5077 per
1723 4960 1889 5049 artus
