4432 5984
368 296 469 393 188
691 298 750 385 Τ.
822 296 1254 389 LUCRETII
1320 296 1533 388 CARI

368 556 593 695 Vitigeni
621 557 820 656 laticem
850 556 1147 658 mortalibus
1175 556 1479 681 instituisse3

370 730 538 853 Quom
566 754 732 831 tamen
763 729 839 830 his
864 754 1033 867 posset
1059 732 1164 831 sine
1190 730 1343 831 rebus
1365 735 1466 831 vita
1490 768 1726 833 manere:

369 906 444 1010 Ut
468 907 603 1007 fama
627 930 703 1005 est
728 907 924 1044 aliquas
950 907 1101 1005 etiam
1127 944 1264 1013 nuuc
1289 907 1453 1006 vivere
1478 910 1691 1047 genteis.

369 1083 440 1181 At
468 1081 595 1181 bene
624 1120 723 1180 nou
751 1103 950 1218 poterat
979 1084 1084 1181 sine
1112 1119 1241 1218 puro
1266 1104 1470 1217 pectore
1495 1085 1612 1186 vivi.

372 1252 491 1374 Quo
518 1256 677 1391 magis
703 1252 784 1353 hio
811 1256 990 1353 merito
1018 1251 1162 1352 nobis
1189 1251 1332 1354 Deus
1358 1296 1463 1357 esse
1489 1257 1693 1359 videtur
1709 1299 1723 1381 ;

370 1424 451 1527 Ex
479 1466 583 1565 quo
609 1466 742 1526 nunc
770 1428 918 1525 etiam
947 1464 1039 1564 per
1063 1465 1271 1564 magnas
1296 1428 1458 1530 didita
1481 1432 1678 1571 genteis

373 1600 557 1704 Dulcia
581 1604 899 1741 permulcent
924 1603 1115 1701 animos
1140 1602 1313 1702 solatia
1339 1604 1472 1707 vitae.

442 1778 678 1880 Herculis
704 1781 941 1877 antistare
968 1800 1135 1877 autern
1164 1778 1203 1876 si
1230 1775 1362 1877 facta
1387 1780 1610 1917 putabis,

370 1952 597 2093 Longius
623 1992 653 2054 a
677 1992 793 2054 vera
820 1954 978 2052 multo
1003 1953 1196 2051 ratione
1221 1948 1412 2053 ferere:
1445 1980 1448 1987 '

369 2125 510 2248 Quid
539 2126 813 2228 Nemeaeus
840 2130 972 2228 enim
1002 2126 1147 2227 nobis
1174 2166 1308 2229 nunc
1334 2168 1549 2267 magnus
1574 2128 1745 2233 hiatus

368 2302 464 2404 Ille
491 2304 648 2404 leonis
673 2302 886 2422 obesset,
912 2326 964 2403 et
988 2301 1476 2403 horrens'Arcadius
1501 2307 1615 2405 susi

368 2476 609 2616 Denique
637 2475 761 2612 quid
784 2473 952 2575 Cretae
977 2498 1169 2598 taurus,
1202 2476 1518 2616 Lernaeaque
1543 2481 1700 2617 pestis
1816 2582 1819 2587 .

369 2650 553 2790 Hydra
578 2650 835 2749 venenatis
862 2670 1031 2785 posset
1055 2650 1238 2750 vallata
1258 2649 1510 2754 colubris?

367 2824 570 2947 Quidve
595 2827 865 2964 tripectora
890 2825 1157 2959 tergemini
1184 2827 1256 2924 vis
1285 2822 1559 2966 Geryonai,

368 3003 437 3105 Et
463 3004 727 3105 Diomedis
753 3006 872 3143 equi
899 3005 1147 3140 spirantes
1173 3000 1380 3102 naribus
1406 3004 1574 3140 ignem

363 3179 614 3299 Thracen,
644 3179 999 3319 Bistoniasque
1024 3181 1217 3316 plagas
1239 3202 1394 3315 atque
1417 3177 1607 3279 ismara
1631 3198 1859 3315 propter,

363 3351 652 3494 'i'antopere
678 3355 936 3455 officerent
963 3353 1137 3453 nobis?
1176 3355 1423 3491 uncisque
1452 3349 1693 3450 timendas

364 3525 643 3666 Unguibus
669 3529 901 3629 Arcadiae
926 3529 1155 3629 volucres
1183 3524 1486 3665 Stymphala
1513 3523 1766 3625 colentes?

364 3700 640 3841 Aureaque
671 3700 1010 3851 Hesperidum
1038 3739 1237 3801 servans
1263 3701 1512 3838 fulgentia
1536 3700 1669 3799 mala

365 3873 546 4013 Asper,
574 3876 754 3978 acerba
778 3900 941 3995 tuens,
970 3877 1174 3976 immani
1202 3913 1409 4013 corpore
1437 3910 1659 4011 serpens,

364 4048 575 4150 Arboris
600 4052 865 4189 amplexus
890 4050 1128 4185 stirpem3
1168 4050 1294 4189 quid
1321 4052 1545 4187 denique
1571 4047 1787 4171 obesset,

366 4222 582 4361 Propter
606 4225 918 4324 Atlantaeurn
945 4227 1102 4344 littus,
1130 4227 1415 4363 pelageqne
1440 4262 1626 4344 severa,

364 4394 1859 4539 Quonequenosteraditquisquam‚nequebarbarusaudeti

364 4568 562 4671 Caetera
587 4573 650 4672 de
676 4612 860 4711 genere
887 4572 982 4675 hoo
1009 4614 1125 4714 quae
1151 4597 1270 4675 sunt
1294 4594 1529 4711 portenta
1554 4596 1840 4712 perempta,

363 4743 417 4844 Si
442 4784 545 4845 non
570 4748 701 4847 vieta
724 4747 905 4869 forent,
933 4750 1058 4888 quid
1085 4750 1290 4849 tandem
1315 4751 1428 4851 viva
1454 4752 1724 4850 nocerent?

362 4917 471 5039 Nil,
499 4945 556 5021 ut
580 4924 791 5059 opinor:
831 4924 902 5024 ita
927 4925 991 5025 ad
1017 4925 1245 5024 satiatem
1270 4946 1406 5024 terra
1429 4922 1653 5027 ferarum
