4432 5984
709 391 985 486 LIBER
1050 390 1477 485 QUARTUS.
1730 389 1853 499 Ι155

360 645 595 770 Somnus,
623 675 675 753 et
701 653 752 752 in
779 688 976 753 summa
1000 687 1184 787 corpus
1201 651 1339 788 jacet
1363 690 1511 753 omne
1538 655 1746 793 quiete3

345 819 489 924 -Tum
517 827 727 964 vigilare
752 850 922 928 tamen
947 823 1110 944 nobis,
1137 847 1190 926 et
1213 826 1440 928 membra
1464 840 1662 928 movere

362 996 553 1100 Nostra
576 1002 824 1124 videmur,
851 1025 903 1102 et
926 1004 978 1102 in
1005 1000 1165 1100 noctis
1190 1002 1405 1139 caligine
1430 1041 1562 1105 caeca

363 1171 582 1275 Cernere
609 1215 869 1277 censemus
894 1176 1066 1292 solem,
1086 1173 1361 1311 lumenque
1389 1176 1659 1276 diurnum:

361 1349 716 1490 Conclusoque
740 1352 850 1451 loco
875 1350 1075 1472 coelum,
1102 1386 1255 1470 mare,
1280 1352 1507 1472 flumina,
1534 1354 1748 1481 monteis

362 1522 584 1644 Mutare,
610 1549 663 1627 et
687 1563 890 1665 campos
915 1524 1135 1665 pedibus
1160 1525 1373 1624 transire
1400 1526 1658 1628 videmur:

253 1834 256 1839 Ι
363 1697 432 1799 Et
458 1702 650 1802 sonitus
676 1701 868 1819 audire,
895 1737 1066 1799 severa
1091 1702 1289 1801 silentia
1313 1703 1473 1802 noctis

363 1871 612 2013 Undique
638 1912 795 2013 quom
820 1895 1065 1994 constent,
1093 1897 1145 1973 et
1168 1875 1381 1975 reddere
1409 1876 1543 1978 dicta
1562 1901 1801 1981 tacentes

433 2048 633 2150 Caetera
658 2050 721 2149 de
746 2085 931 2186 genere
957 2045 1053 2146 hoc
1079 2049 1307 2149 mirande
1333 2051 1495 2151 multa
1518 2052 1762 2191 videmus,

362 2221 496 2344 Quae
523 2226 706 2324 violare
733 2222 887 2322 fidem
914 2222 1059 2359 quasi
1079 2221 1308 2324 sensibus
1334 2227 1503 2325 omnia
1528 2249 1768 2363 quaerunt
1783 2268 1797 2352 3

364 2397 763 2538 Nequidquam:
805 2396 1046 2535 quoniam
1073 2431 1190 2532 pars
1215 2395 1396 2498 borum
1422 2401 1642 2501 maxima
1659 2401 1792 2502 fallit

362 2575 585 2716 Propter
608 2579 844 2714 opinatus
870 2573 1023 2674 animi
1050 2609 1179 2712 quos
1205 2571 1437 2715 addimus
1462 2573 1577 2711 ipsi,

364 2749 465 2852 Pro
490 2752 606 2852 visis
631 2772 691 2850 ut
715 2751 830 2868 sint,
859 2785 975 2886 quae
1001 2784 1103 2846 non
1130 2770 1251 2848 sunt
1274 2746 1503 2849 sensibus
1529 2750 1648 2851 visa.

363 2923 501 3027 Nam
527 2924 655 3025 nihil
682 2925 931 3062 egregius,
955 2961 1107 3062 quam
1129 2961 1210 3025 res
1236 2959 1493 3025 secernere
1519 2948 1719 3064 apertas

360 3098 409 3207 A
435 3099 620 3219 dubiis,
648 3101 846 3199 animus
873 3135 999 3235 quas
1025 3097 1089 3197 ab
1116 3135 1167 3197 se
1193 3099 1427 3234 protinus
1453 3098 1613 3201 addit.

434 3276 691 3416 Denique,
719 3276 790 3374 nil
817 3274 930 3374 sciri
956 3275 996 3373 si
1024 3272 1137 3411 quis
1162 3292 1328 3409 putat,
1355 3272 1409 3371 id
1436 3310 1644 3414 quoque
1671 3276 1831 3378 nescit

361 3451 446 3552 An
472 3454 586 3553 sciri
610 3451 785 3589 possit,
813 3448 1053 3586 quoniam
1080 3447 1152 3549 nil
1177 3447 1301 3548 scire
1326 3448 1544 3551 fatetur:

365 3621 521 3727 Hunc
546 3627 704 3762 igitur
727 3646 902 3725 contra
925 3622 1121 3723 mittam
1147 3621 1453 3731 contendere
1478 3662 1697 3748 causam,

366 3795 471 3916 Qui
497 3800 662 3938 capite
687 3799 796 3936 ipse
822 3835 911 3897 suo
937 3798 988 3898 in
1017 3798 1194 3899 statuit
1210 3798 1423 3937 vestigia
1446 3837 1569 3902 sese.

364 3968 435 4071 Et
458 3995 628 4072 tamen
653 3950 751 4073 hoc
775 4010 982 4111 quoque
998 3974 1074 4074 uti
1093 3973 1365 4076 concedam
1385 3975 1527 4095 scire,
1549 3998 1602 4075 at
1619 3974 1672 4075 id
1692 3975 1861 4116 ipsum

367 4144 627 4267 Quaeram,
655 4149 839 4285 (quom
863 4147 918 4247 in
943 4144 1097 4248 rebus
1122 4148 1228 4249 veri
1254 4147 1327 4248 nil
1351 4146 1537 4250 viderit
1560 4152 1723 4285 ante‚)

365 4318 519 4423 Unde
546 4323 684 4442 sciat,
712 4320 840 4460 quid
866 4322 931 4421 sit
955 4323 1098 4441 scire,
1125 4345 1178 4422 et
1201 4322 1394 4423 nescire
1417 4323 1665 4426 vicissim:

367 4493 620 4598 Notitiam
644 4498 749 4598 veri
776 4534 893 4635 quae
919 4533 1016 4617 res,
1042 4495 1258 4636 falsique
1284 4497 1494 4622 crebrit3

367 4668 436 4772 Et
460 4671 677 4774 dubium
702 4694 839 4773 certo
865 4709 984 4811 quae
1009 4709 1088 4772 res
1113 4670 1318 4773 differre
1343 4669 1606 4810 probarit?

437 4842 672 4948 Invenies
695 4845 872 4984 primis
897 4846 962 4947 ab
988 4845 1218 4948 sensibus
1243 4884 1348 4948 esse
1374 4869 1593 4951 creatam

367 5016 620 5123 Notitiam
644 5021 768 5143 veri,
791 5058 962 5162 neque
987 5058 1161 5125 sensus
1185 5057 1332 5162 posse
1355 5021 1550 5126 refelli:
