4432 5984
695 363 972 479 nrnnn
1022 365 1525 508 sncuunus.
1709 319 1711 323 ’
1794 368 1872 518 39.

371 616 725 730 Formamenta
749 646 951 764 queunt
976 625 1028 726 in
1055 625 1233 762 quovis
1252 663 1358 726 csse
1386 627 1579 749 nitore3
1630 731 1631 734 γ

372 792 479 896 Cur
503 835 578 919 ea,
607 838 725 938 quae
751 821 982 939 constant
1007 839 1069 900 ex
1094 800 1209 920 illis,
1235 839 1335 901 non
1365 801 1554 938 pariter
1578 827 1698 903 sun-t
1788 789 1789 793 Ν
1831 901 1835 908 .

370 967 676 1111 Omnigenis
701 972 907 1111 perfusa
931 971 1183 1075 coloribus
1207 975 1260 1076 in
1285 1013 1471 1113 genere
1497 977 1670 1078 omni?
1831 958 1833 962 ,

370 1142 720 1268 Conveniebat
743 1148 880 1247 enim
905 1186 1077 1249 corvos
1098 1188 1306 1289 quoqne
1332 1189 1465 1288 saepe
1491 1152 1735 1255 volenteis

368 1319 448 1425 Ex
475 1320 603 1424 albis
630 1322 801 1423 album
827 1324 1010 1461 pennis
1026 1322 1219 1459 jactare
1246 1325 1482 1445 colorem,
1542 1362 1543 1365 ‘

368 1493 438 1596 Et
464 1498 636 1637 nigros
659 1498 768 1600 fieri
795 1500 940 1637 nigro
966 1499 1030 1599 de
1056 1500 1244 1599 semine
1271 1539 1471 1638 cycnori,
1559 1535 1560 1538 ‘
1698 1512 1701 1519 ’

366 1669 474 1770 Aut
492 1672 597 1776 alio,
617 1672 795 1810 quovis
818 1711 940 1792 unc,
966 1674 1207 1812 varioque
1233 1675 1415 1776 colore.

436 1843 751 1970 Quinetiam
778 1870 971 1986 quanto
991 1849 1042 1948 in
1069 1850 1256 1986 parteis
1281 1888 1361 1950 res
1386 1888 1608 1990 quaeque
1634 1855 1854 1959 minutas

365 2018 885 2162 DistrahiturmagiS,
900 2021 1007 2125 'hoc
1027 2025 1189 2161 magis
1214 2046 1291 2125 est
1315 2047 1375 2126 ut
1398 2064 1602 2127 cernere
1625 2032 1785 2174 possis
1832 1997 1837 2006 Ι

364 2195 675 2299 Evanesccre
700 2198 982 2337 paullatim,
1011 2199 1304 2337 stinguique
1329 2200 1578 2325 colorem3
1826 2173 1830 2189 ᾖ

361 2369 438 2474 Ut
461 2372 522 2472 fit
546 2371 635 2474 ubi
660 2373 713 2473 in
736 2409 919 2511 parvas
944 2373 1132 2510 parteis
1152 2373 1457 2512 discerpitur
1480 2384 1678 2497 aurum,

361 2542 615 2684 Purpura,
635 2547 996 2685 poeniceusque
1022 2550 1161 2649 color
1184 2548 1488 2651 clarissimus
1513 2551 1694 2664 multo,

362 2721 404 2823 F
406 2724 562 2824 ilatim
584 2760 739 2864 quom
766 2692 1034 2823 distractus
1059 2723 1371 2864 disperditur
1394 2726 1558 2826 omnis
1576 2735 1597 2826 ε’
1626 2794 1629 2798 ⁴

363 2894 590 3034 Noscere
616 2919 676 2998 nt
698 2894 817 2998 hinc
842 2899 1017 3039 possis,
1043 2900 1185 3036 prins
1208 2938 1410 3001 omnem
1437 2901 1606 3002 efflare
1629 2877 1849 3028 eolorern

333 3070 657 3196 forticulae,
684 3110 839 3210 quam
866 3071 1128 3173 discedant
1152 3071 1217 3171 ad
1243 3074 1435 3174 semina
1458 3081 1642 3178 rerum.

430 3245 709 3366 Postremo,
740 3247 982 3385 quoniam
1006 3284 1109 3346 non
1134 3247 1305 3349 omnia
1329 3284 1541 3385 corpora
1563 3259 1738 3352 vocem

359 3421 569 3526 Mittere
595 3422 844 3543 concedis,
871 3458 1039 3559 neque
1064 3418 1302 3543 odorem3
1335 3445 1609 3559 propterea
1632 3423 1708 3545 fit,

360 3597 437 3705 Ut
461 3639 560 3701 non
588 3594 822 3699 omnibus
849 3586 1095 3696 attribuas
1114 3597 1324 3717 sonitus,
1352 3621 1404 3699 et
1427 3598 1636 3701 odores:
1782 3651 1784 3654 ⁴

361 3772 461 3895 Sic,
486 3773 646 3881 oculis
673 3745 913 3922 quoniarn
939 3775 1041 3870 non
1066 3773 1236 3873 omnia
1259 3810 1464 3881 cernere
1491 3773 1714 3911 quimus,
1742 3868 1747 3876 .

359 3948 498 4051 Scire
522 3949 656 4068 licet,
684 3946 920 4086 quaedam
946 3969 1050 4046 tam
1075 3969 1302 4048 constare
1320 3944 1447 4046 orba
1463 3948 1645 4066 colore,
1680 3952 1686 3961 ’

359 4121 528 4245 Quam
555 4123 661 4223 sine
685 4120 839 4223 odore
864 4119 972 4220 ullo
996 4119 1249 4258 quaedanr,
1276 4119 1546 4258 sonituque
1571 4141 1765 4220 remota
1780 4135 1803 4222 ι’

359 4297 474 4401 Nec
500 4299 666 4398 minus
690 4295 799 4398 haec
818 4297 1043 4398 animum
1067 4330 1369 4433 cognoscere
1393 4330 1540 4433 posse
1559 4330 1809 4432 sagacem,

360 4470 531 4593 Quam
557 4509 674 4611 quae
700 4493 819 4572 sunt
842 4471 952 4572 aliis
975 4468 1128 4571 rebus
1145 4466 1357 4604 privata,
1392 4467 1644 4605 notisque.
1730 4489 1733 4495 ’
1764 4516 1771 4528 ’
1828 4562 1831 4569 ,

396 4747 403 4773 ,Ι
430 4645 532 4746 Sed
555 4683 620 4746 ne
646 4643 777 4746 forte
801 4667 953 4784 putes
977 4644 1083 4746 solo
1107 4642 1321 4781 spoliata
1345 4643 1513 4744 colore

360 4820 591 4961 Corpora
613 4823 780 4959 prima
803 4856 1036 4944 manere3
1065 4819 1218 4919 etiarn
1243 4838 1435 4940 secreta
1457 4815 1649 4954 teporis

358 4993 505 5117 Sunt,
532 5031 590 5095 ac
613 4992 820 5137 frigoris
836 4993 1059 5131 omnino,
1086 4991 1341 5131 calidique
1363 4963 1602 5127 vaporis,
1671 5078 1674 5083 Α
1767 4998 1772 5007 ’
