4432 5984
447 390 549 485 218
772 393 831 480 T.
899 386 1319 479 LUCRETII
1384 383 1597 477 CARI

447 651 604 754 Terra
631 653 710 770 sit,
738 673 923 749 eterra
950 649 1189 785 quoniam
1218 665 1337 745 sunt
1361 666 1544 743 cuncta
1568 665 1766 744 creata:

447 825 723 963 Multaque
750 862 884 924 nunc
911 822 1060 922 etiam
1088 822 1314 920 existunt
1339 818 1576 919 animalia
1599 820 1764 938 terrm,

448 1001 704 1105 Imbribus
730 1022 781 1099 et
806 999 968 1100 calido
995 1000 1110 1100 solis
1137 1019 1370 1100 concreta
1387 1032 1592 1132 vapore.

449 1174 568 1295 Quo
594 1176 761 1274 minus
786 1194 862 1272 est
887 1174 1086 1291 mirum,
1108 1173 1148 1271 si
1174 1194 1284 1272 tum
1310 1192 1428 1270 sunt
1456 1169 1602 1306 plura
1629 1191 1815 1289 coorta,
1873 1258 1885 1277 ,

447 1349 517 1453 Et
542 1351 745 1488 majora,
775 1386 902 1450 nova
925 1347 1106 1447 tellure
1132 1369 1287 1485 atque
1313 1343 1503 1445 aetbere
1530 1345 1719 1445 adulto,

516 1526 790 1664 Principio,
817 1561 979 1661 genus
1004 1523 1234 1640 alituum,
1263 1522 1519 1656 variaeque
1544 1519 1777 1620 volucres

448 1700 561 1805 Ova
586 1697 944 1840 relinquebant
969 1696 1187 1795 exclusae
1213 1717 1442 1832 tempore
1467 1732 1653 1817 vern03

446 1877 714 1979 Folliculos
740 1897 798 1973 nt
823 1911 958 1972 nuuc
984 1870 1185 1970 tereteis
1212 1892 1384 1969 aestate
1412 1869 1600 1971 cicadae
1909 1888 1958 1969 ἴτ’-9

445 2048 728 2188 Linquunt,
756 2068 935 2183 sponte
962 2080 1067 2161 sua,
1094 2042 1283 2139 victum
1309 2043 1568 2183 vitamque
1595 2070 1842 2183 petentes,

442 2222 576 2335 Tum
601 2220 693 2320 tibi
721 2245 856 2320 terra
880 2216 1022 2317 dedit
1040 2216 1264 2352 primum
1292 2219 1523 2319 mortalia
1547 2221 1723 2322 saecla:

443 2394 646 2497 Multus
672 2394 806 2493 enim
832 2391 967 2531 calor
985 2412 1139 2527 atque
1167 2386 1352 2490 humor
1370 2392 1643 2529 superabat
1662 2396 1712 2493 in
1735 2393 1882 2495 arvis.

445 2568 581 2670 Hinc
607 2566 696 2667 ubi
723 2600 944 2704 qnaeque
972 2563 1066 2662 loci
1092 2566 1233 2700 regio
1259 2589 1548 2701 opportuna
1574 2566 1807 2687 dabatur,

446 2742 755 2845 Crescebant
778 2740 909 2841 uteri
935 2760 1083 2836 terrae
1110 2736 1365 2837 radicibus
1390 2741 1526 2875 apti3

444 2918 587 3040 Quos
612 2917 702 3017 ubi
727 2940 954 3053 ternpore
980 2933 1178 3010 maturo
1205 2912 1511 3048 patefecerat
1537 2938 1656 3015 aetas

442 3093 705 3195 infantum
729 3091 932 3228 fugiens
961 3085 1242 3209 humorem,
1270 3127 1521 3227 aurasque
1548 3092 1814 3227 petissem,

444 3264 785 3367 Convertebat
809 3261 880 3362 ibi
908 3284 1089 3363 natura
1115 3263 1361 3364 foramina
1385 3289 1552 3384 terrae,

444 3434 741 3539 Et'succum
767 3436 906 3537 venis
933 3435 1147 3573 cogebat
1172 3437 1386 3538 fundere
1414 3441 1603 3576 apertis

446 3610 769 3713 Consimilem
797 3610 969 3733 lactis;
1009 3611 1139 3712 sicut
1163 3653 1297 3715 nnnc
1325 3614 1528 3717 foemina
1553 3653 1776 3755 quaeque

445 3786 616 3908 Quom
642 3785 860 3924 peperit,
888 3784 1025 3884 ‹lulci
1053 3789 1281 3923 repletur
1307 3790 1451 3908 lacte,
1480 3788 1617 3928 quod
1646 3791 1814 3890 omnis

442 3964 673 4101 Impetus
697 3965 751 4061 in
778 3996 1017 4061 mammas
1044 3963 1352 4060 convertitur
1379 3962 1463 4061 ille
1489 3963 1731 4065 alimenti.

440 4135 600 4237 Terra
625 4135 794 4237 cibum
820 4137 1009 4272 pueris,
1029 4159 1217 4235 vestem
1242 4175 1415 4275 vapor,
1443 4135 1601 4237 herba
1625 4136 1795 4238 cubile

443 4308 714 4411 Praebebat
739 4308 900 4408 multa
925 4330 976 4407 et
1000 4310 1138 4409 molli
1160 4313 1401 4449 lanugine
1421 4310 1702 4411 abundans,

510 4485 582 4584 At
607 4486 798 4584 novitas
824 4483 1002 4582 mundi
1029 4522 1122 4584 nec
1149 4485 1338 4623 frigora
1363 4485 1491 4586 (lura
1516 4485 1696 4604 ciebat,

442 4657 556 4762 Nec
581 4661 762 4760 nimius
788 4680 955 4777 aestua,
983 4696 1076 4758 nec
1103 4661 1299 4797 magnis
1323 4660 1515 4760 viribus
1540 4698 1716 4761 auras:

442 4832 631 4935 Omnia
655 4835 789 4933 enim
814 4833 1005 4970 pariter
1030 4857 1277 4953 crescunt,
1305 4857 1356 4933 et
1380 4833 1563 4934 robora
1587 4860 1811 4940 sumunt.

442 5004 615 5128 Quare
642 5009 793 5109 etiam
820 5030 975 5148 atque
1002 4990 1154 5110 etiam
1179 5028 1465 5109 maternum
1489 5045 1675 5109 nomen
1694 5010 1881 5149 adepta
