4432 5984
262 376 265 381 ·
361 322 431 425 54
690 330 751 422 Τ.
799 323 1523 429 -LUCRETII,·‚CARI

363 586 653 725 Tantopere
677 583 912 687 humanis
935 582 1215 713 rationibus
1240 585 1579 707 admoderate,

363 763 618 901 Tempora
641 786 838 864 mutare
864 798 1130 880 annorum,
1156 758 1431 898 fingesque
1456 797 1655 883 creare3
1758 854 1766 869 .
1810 848 1817 867 .

346 936 483 1040 'Neo
500 937 831 1075 jam-oaetera,
859 932 1109 1035 mortaleis
1134 970 1251 1071 quae
1276 932 1456 1033 suadet
1477 933 1633 1053 adire,
1775 1004 1780 1042 ;
1835 1032 1843 1041 ,

371 1109 595 1250 Ipsaque
621 1110 828 1211 deducit
852 1110 958 1211 dux
983 1110 1100 1209 vitae
1126 1109 1210 1209 dia
1231 1107 1481 1243 voluptas

368 1284 446 1390 Ut
469 1324 547 1385 res
573 1323 666 1422 per
687 1283 901 1393 Veneris
925 1280 1193 1381 blanditim
1218 1280 1366 1381 saecla
1390 1299 1691 1417 propagent,

372 1457 458 1561 Ne
482 1496 643 1598 genus
668 1457 864 1558 occidat
887 1454 1197 1556 humanum:
1237 1490 1454 1590 quornm
1477 1453 1648 1553 omnia
1670 1487 1840 1561 aaut&

373 1631 704 1734 Constituisse
730 1631 851 1731 deos
877 1630 1096 1768 fingunt,
1123 1628 1208 1729 sed
1237 1628 1291 1727 in
1315 1626 1550 1729 omnibus
1575 1624 1726 1728 rebus
1803 1710 1806 1715 .
1836 1732 1844 1741 ,

371 1800 689 1943 Magnopere
714 1840 745 1903 a
766 1840 886 1906 vera
908 1803 1035 1938 lapsi
1061 1802 1254 1901 ratione
1278 1800 1530 1905 videntur.
1558 1896 1572 1909 ,,
1670 1940 1676 1949 ι

374 1974 513 2078 Nam
539 1978 770 2116 quamvis
793 2015 963 2076 rerum
989 1977 1215 2113 ignorem
1240 1974 1517 2111 primordia
1540 2013 1659 2112 quae
1684 1974 1808 2092 sint,

375 2149 489 2252 Hoc
514 2174 682 2252 tamen
709 2190 772 2252 ex
796 2152 919 2287 ipsis
944 2149 1055 2250 ooeli
1081 2148 1360 2251 rationibus
1385 2151 1546 2253 ausim
1655 2240 1661 2253 .
1689 2234 1693 2241 .

376 2321 707 2444 Confirmam,
733 2324 946 2463 aliisque
971 2361 1036 2425 ex
1060 2321 1212 2424 rebus
1236 2324 1448 2426 reddere
1466 2325 1672 2444 multis„
1693 2430 1698 2439 ,

253 2489 262 2502 ’
376 2495 725 2637 Nequaquam
750 2494 896 2598 nobis
921 2494 1163 2597 divinitus
1188 2520 1557 2603 esseoreatam.
1647 2582 1672 2609 .,

375 2668 628 2772 Naturam
654 2669 849 2789 mundi,
876 2709 995 2809 quae
1021 2692 1163 2770 tanta
1187 2692 1263 2771 est
1280 2670 1495 2807 praedita
1518 2670 1696 2808 culpa:

376 2843 510 2965 Quae
534 2843 631 2946 tibi
656 2846 922 2982 posterius,
951 2842 1181 2963 Memmi,
1206 2844 1447 2944 faciemus
1472 2868 1676 2984 aperta3
1838 2962 1841 2967 ,

378 3017 534 3120 Nune
558 3018 611 3118 id
638 3017 777 3156 quod
802 3019 1119 3156 superestde
1147 3017 1368 3120 motibus
1393 3019 1738 3156 expediemus.
1831 3092 1835 3097 -
1865 3080 1871 3087 ·

449 3191 606 3295 Nune
620 3193 759 3293 locus
774 3215 851 3292 est
863 3195 1169 3332 (utopinor)
1182 3195 1235 3293 in
1251 3191 1468 3295 hisillud
1480 3231 1693 3341 ‚quoque
1708 3191 1870 3311 rebus

380 3364 691 3468 Confirmare
715 3365 826 3486 tibi,
853 3367 1042 3467 nullam
1069 3405 1175 3466 rem
1201 3405 1346 3503 posse
1370 3369 1532 3469 suavi
1619 3474 1630 3488 ,,

381 3538 687 3678 Corporeum
712 3575 909 3639 sursum
936 3538 1072 3660 ferri,
1099 3578 1401 3680 sursumque
1428 3580 1623 3667 meare3

381 3712 466 3814 Ne
492 3711 586 3812 tibi
613 3711 737 3810 dent
760 3710 812 3809 in
839 3749 898 3810 eo
917 3711 1234 3814 flammarum
1260 3752 1470 3850 corpora
1493 3714 1753 3833 fraudem:

382 3889 595 3987 Sursum
616 3884 750 3984 enim
769 3921 942 3984 vorsus
963 3885 1261 4022 gignuntur,
1288 3911 1341 3989 et
1365 3891 1604 4026 augmina
1622 3916 1839 4017 sumunt
1852 3938 1869 4021 3

382 4061 451 4161 Et
475 4096 673 4160 sursum
698 4057 874 4156 nitidae
899 4058 1087 4196 fruges,
1115 4058 1422 4200 arbustaque
1448 4089 1696 4187 crescunt,

378 4231 636 4351 Pondere,
667 4253 915 4370 quantum
941 4232 995 4331 in
1021 4271 1073 4332 se
1099 4255 1189 4354 est,
1228 4273 1385 4374 quom
1420 4237 1654 4349 deorsum
1680 4264 1871 4365 cuneta

518 4405 761 4505 ferantur.

221 4662 228 4671 .
381 4577 496 4681 Neo
523 4617 679 4718 quom
705 4577 977 4680 subsiliunt
1000 4582 1143 4719 ignes
1168 4584 1232 4684 ad
1258 4606 1391 4687 tecta
1416 4584 1699 4708 domorum,
1822 4658 1837 4709 ,·

382 4750 449 4852 Et
471 4753 619 4852 celeri
647 4753 849 4850 flamma
874 4752 1146 4890 degustant
1171 4763 1314 4896 tigna
1338 4724 1644 4899 trabeisque,
1838 4892 1841 4896 .

381 4924 573 5064 Sponte
592 4926 858 5027 suafacere
875 4926 943 5047 id,
956 4929 1066 5029 sine
1083 4932 1130 5030 vi
1150 4932 1433 5072 subigente,
1453 4938 1737 5072 putandum
1758 4962 1868 5044 est:
