4432 5984
648 346 650 350 ’
701 407 705 415 ·
752 389 1031 480 LIBER
1095 389 1454 485 carmus.
1786 336 1861 479 ar

427 651 578 753 Adde
605 651 755 752 etiam
783 649 872 788 qui
898 649 1262 789 conduplicant
1284 648 1564 790 primordia
1587 688 1776 764 rerum.

356 826 494 938 Aera
509 827 787 966 jungentes
814 825 936 961 igni,
965 846 1255 965 terramque
1280 824 1502 965 liquori3

357 999 428 1101 Et
453 1000 542 1139 qui
571 1024 792 1140 quatuor
810 1039 876 1100 ex
900 997 1054 1100 rebus
1079 1036 1224 1136 posse
1251 1003 1420 1131 omnia
1445 1024 1640 1120 rentur,
1682 1016 1686 1024 ’

358 1173 440 1275 Ex
466 1177 590 1315 igni,
617 1197 768 1294 terra,
796 1196 951 1314 atque
978 1175 1146 1276 anima
1169 1213 1503 1313 procrescere,
1532 1199 1584 1277 et
1609 1174 1758 1277 imbri
1779 1154 1801 1278 :¹

427 1346 661 1469 Quorum
677 1349 1050 1488 Acragantinus
1077 1354 1369 1491 cumprimis
1390 1350 1725 1489 Empedocles
1750 1373 1849 1477 est3

359 1521 533 1625 Insula
552 1561 703 1661 quem
730 1523 992 1662 triquetris
1016 1545 1266 1626 terrarum
1286 1528 1442 1664 gessit
1464 1528 1515 1629 in
1543 1529 1674 1652 oris;
1804 1540 1807 1544 ’

358 1698 529 1821 Quam
555 1699 761 1798 fluitans
787 1699 976 1797 circum
1003 1699 1199 1836 magnis
1226 1699 1554 1801 amfractibus
1574 1738 1753 1840 aequor

360 1870 560 1974 lonium
588 1873 781 2010 glaucis
807 1871 1068 2010 adspergit
1090 1875 1226 1974 virus
1253 1874 1316 1975 ab
1343 1875 1524 1999 undis3

355 2047 695 2186 Angustoque
722 2047 854 2147 fretu
881 2046 1114 2185 rapidum
1143 2086 1279 2148 mare
1306 2049 1488 2152 dividit
1516 2050 1665 2152 undis

355 2221 540 2322 AEoliae
566 2244 815 2322 terrarum
833 2222 952 2321 ¹oras
979 2259 1009 2321 a
1032 2219 1219 2321 finibus
1244 2222 1382 2359 ejus:

357 2396 457 2500 ch
483 2422 560 2500 est
584 2422 723 2501 vasta
751 2396 1055 2537 Charybdis,
1083 2420 1135 2498 et
1160 2396 1240 2500 hlc
1265 2398 1472 2499 AEtnaea
1497 2401 1757 2499 minantur

358 2544 629 2695 Murmura
654 2573 968 2674 flammarum
996 2608 1194 2673 rursum
1217 2610 1270 2673 se
1297 2573 1551 2711 conligere
1580 2573 1695 2693 iras,

359 2746 611 2858 Faucibus
637 2770 843 2885 eruptos
868 2749 1052 2847 iterum
1078 2770 1137 2846 ut
1161 2749 1234 2847 vis
1258 2770 1457 2849 evomat
1482 2749 1661 2889 igneis,

356 2921 440 3024 Ad
466 2924 752 3062 coelumque
778 2922 908 3022 ferat
931 2924 1154 3022 flammai
1179 2920 1384 3060 fulgura
1407 2960 1638 3024 rursum:

358 3096 493 3219 Quae
519 3137 672 3238 quom
702 3136 886 3236 magna
911 3099 1073 3199 modis
1099 3097 1270 3197 multis
1296 3096 1527 3197 miranda
1552 3096 1756 3198 videtur

359 3271 614 3373 Gentibus
634 3271 1049 3412 humanisregio,
1075 3272 1386 3412 visendaque
1411 3270 1589 3391 fertur,

327 3423 332 3431 ¹
358 3444 533 3546 Rebus
558 3447 728 3583 opima
755 3444 917 3568 bonis,
945 3448 1107 3560 multa
1129 3448 1327 3548 munita
1351 3447 1514 3548 virllm
1539 3445 1619 3567 vi;

359 3616 451 3719 Nil
478 3640 646 3718 tamen
674 3616 769 3719 hoc
795 3617 1029 3723 habuisse
1053 3625 1163 3724 viro
1188 3619 1480 3760 praeclarius
1505 3617 1559 3717 in
1585 3655 1654 3736 se,

359 3791 411 3894 N
416 3831 473 3893 ec
498 3814 727 3894 sanctum
754 3796 929 3932 magis,
957 3818 1008 3895 et
1033 3797 1234 3915 mirum,
1261 3828 1539 3932 carumque
1563 3789 1782 3893 videtur.

359 3965 748 4106 Carminaquin
776 3936 928 4069 etiam
954 3970 1112 4071 divini
1135 3970 1352 4108 pectoris
1377 3969 1485 4108 ejus

354 4141 729 4264 Vociferantur,
756 4165 807 4243 et
831 4166 1096 4282 exponunt
1119 4144 1364 4281 praeclara
1387 4162 1636 4283 reperta,

355 4316 432 4422 Ut
455 4319 543 4421 vix
567 4316 791 4420 humana
813 4319 1046 4419 videatur
1069 4320 1225 4457 stirpe
1251 4340 1463 4421 creatus.

426 4492 529 4595 Hic
552 4515 739 4615 tamen,
766 4517 819 4595 et
844 4529 1027 4630 supera
1052 4529 1180 4630 quos
1206 4491 1442 4613 diximus,
1468 4487 1731 4596 inferiore·

356 4665 594 4770 Partibus
620 4670 822 4808 egregie
845 4667 1033 4786 multis,
1060 4665 1323 4804 multoque
1348 4664 1584 4785 minores,

357 4838 684 4980 Quanquam,
711 4841 872 4942 multa
896 4839 1025 4940 bene
1051 4877 1108 4940 ac
1134 4838 1376 4940 divinitus
1400 4837 1730 4961 invenientes,

356 5010 440 5115 Ex
464 5013 621 5156 adyto
644 5038 890 5155 tanquam
910 5011 1074 5116 cordis
1098 5048 1338 5151 responsa
1359 5011 1549 5118 dedere
