4432 5984
773 366 1049 457 LIBER
1111 365 1511 461 TERTIUS.
1763 366 1861 470 ltu

366 620 400 725 J
405 662 484 724 aru
512 625 820 727 desiderium
845 623 1032 724 insidet
1056 662 1223 724 rerum
1250 627 1459 765 insuper
1483 669 1602 730 una.

370 796 526 918 Quod
552 797 684 901 bene
710 801 751 900 si
775 798 983 900 videant
1006 799 1191 920 animo,
1218 800 1467 941 dictisque
1495 826 1790 943 sequantur,

369 970 663 1074 Dissolvant
687 975 840 1074 animi
865 1013 1050 1111 magno
1076 1012 1127 1074 se
1152 1014 1340 1114 angore
1366 1001 1627 1118 metuque.

284 1256 295 1279 ⁸
365 1141 447 1247 Tu
475 1149 684 1287 quidem
710 1171 768 1249 ut
793 1187 844 1249 es
869 1146 1007 1248 letho
1034 1150 1241 1284 sopitus,
1269 1153 1338 1251 sic
1364 1153 1460 1251 eris
1485 1152 1579 1251 aevi

370 1316 525 1439 Quod
553 1345 782 1458 superest
808 1324 1001 1423 cunctis
1025 1323 1251 1458 privatus
1276 1323 1536 1426 doloribus
1561 1323 1739 1461 aegris:

364 1495 438 1594 At
462 1533 553 1596 nos
578 1494 814 1597 horrifico
839 1495 1141 1597 cinefactum
1167 1519 1216 1596 te
1242 1534 1401 1635 prope
1428 1496 1578 1599 busto

367 1664 728 1773 insatiabiliter
753 1668 1068 1790 deflebimus,
1096 1693 1446 1812 aeternumque

367 1840 531 1945 Nulla
555 1846 661 1945 dies
686 1842 832 1945 nobis
857 1882 1120 1944 moerorem
1144 1883 1171 1944 e
1197 1868 1400 1981 pectore
1427 1846 1614 1951 demet.

366 2015 504 2118 lllud
531 2017 714 2120 abhoc
739 2020 897 2157 igitur
922 2018 1259 2159 quaerendum
1286 2041 1377 2138 est,
1405 2019 1531 2160 quid
1559 2021 1624 2119 sit
1647 2020 1806 2120 amari

214 2198 220 2209 ’
362 2188 666 2330 Tantopere,
695 2191 758 2293 ad
785 2230 1016 2293 somnum
1041 2193 1082 2292 si
1107 2230 1185 2323 res
1212 2192 1361 2313 redit,
1387 2215 1542 2333 atque
1570 2195 1810 2334 quietem,

367 2363 475 2466 Cur
499 2367 770 2507 quisquam
796 2390 986 2467 aeterno
1011 2368 1172 2503 possit
1193 2365 1450 2469 tabescere
1476 2367 1652 2469 luctul

434 2539 549 2642 Hoc
575 2542 728 2647 etiam
752 2539 962 2660 faciunt,
988 2538 1079 2640 ubi
1105 2538 1422 2662 discubuere,
1448 2563 1728 2680 tenentque

364 2711 555 2819 Pocula
579 2751 712 2854 saepe
738 2712 983 2835 homines,
1009 2733 1062 2812 et
1084 2713 1380 2815 inumbrant
1402 2751 1491 2816 ora
1509 2716 1728 2836 coronis,

365 2886 448 2990 Ex
473 2893 641 2992 animo
666 2914 726 2993 ut
751 2890 938 3009 dicant,
964 2886 1130 2989 brevis
1154 2885 1236 2989 hic
1261 2911 1337 2989 est
1360 2888 1556 2991 fruetus
1581 2887 1848 2995 homullis:

362 3061 396 3165 J
400 3102 480 3167 am
506 3065 676 3186 fuerit,
702 3102 872 3203 neque
897 3086 1012 3201 post
1036 3101 1265 3203 unquam
1290 3103 1523 3166 revocare
1549 3063 1738 3167 licebit.

359 3233 628 3376 Tanquam
653 3239 706 3337 in
732 3260 899 3337 morte
918 3236 1036 3336 mali
1062 3238 1355 3373 cumprimis
1381 3239 1475 3339 hoc
1501 3239 1565 3339 sit
1590 3277 1762 3341 eorum

366 3409 521 3531 Quod
547 3413 653 3510 sitis
678 3432 860 3511 exurat
884 3409 1106 3530 miseros,
1126 3432 1280 3549 atque
1306 3411 1448 3512 arida
1471 3435 1675 3535 torreat,

360 3583 471 3686 Aut
494 3584 607 3685 aliae
632 3583 1109 3722 cujusdesiderium
1134 3584 1352 3687 insideat
1375 3586 1464 3687 rei.

363 3756 478 3861 Nec
504 3758 600 3861 sibi
625 3760 761 3859 enim
787 3760 1057 3898 quisquam
1082 3781 1191 3860 tum
1218 3797 1287 3880 se,
1312 3761 1571 3900 vitamque
1594 3762 1827 3903 requirit,

362 3931 533 4054 Quom
556 3934 747 4073 pariter
771 3971 913 4032 mens
938 3955 990 4033 et
1014 3969 1196 4070 corpus
1220 3935 1383 4071 sopita
1409 3935 1708 4074 quiescunt;

254 4144 261 4157 ·
364 4106 531 4243 (Nam
555 4108 675 4209 licet
699 4131 944 4208 aeternum
969 4144 1062 4244 per
1085 4144 1176 4207 nos
1202 4106 1271 4208 sic
1292 4145 1398 4207 esse
1425 4145 1655 4248 soporem
1673 4112 1715 4246 3)

359 4279 413 4384 N
418 4321 474 4384 ec
500 4283 806 4384 desiderium
831 4282 988 4384 nostri
1014 4318 1105 4381 nos
1129 4281 1313 4420 adtigit
1337 4282 1528 4383 ullum:

359 4456 429 4560 Et
453 4481 625 4559 tamen
648 4455 1047 4596 haudquaquam
1072 4477 1267 4556 nostros
1291 4478 1415 4557 tunc
1440 4457 1529 4557 illa
1550 4496 1646 4597 per
1670 4481 1810 4562 artus

360 4630 538 4772 Longe
564 4629 630 4733 ab
654 4629 905 4732 sensiferis
929 4630 1206 4768 primordia
1230 4628 1452 4733 motibus
1478 4654 1682 4758 errant,

358 4803 500 4928 Quin
526 4828 797 4944 conreptus
821 4802 973 4905 homo
996 4842 1061 4904 ex
1086 4843 1261 4906 somno
1286 4843 1338 4906 se
1364 4807 1575 4947 conligit
1598 4808 1722 4947 ipse.

358 4978 531 5084 Multo
555 4980 713 5120 igitur
736 5003 950 5083 mortem
973 4979 1230 5082 minusad
1255 5018 1347 5083 nos
1371 5019 1477 5085 esse
1501 4982 1806 5122 putandum,

1092 5164 1109 5208 Ι
