4432 5984
359 388 463 508 274
685 400 744 490 Τ.
812 392 1250 489 LUCRETII
1317 395 1532 487 CARI

416 652 1861 798 Nuncagc,Avernatibiquaesintlocacumquclacusqne,⁸
1989 770 1992 775 ¹

357 834 664 974 Expediam,
694 835 835 974 quali
861 857 1045 933 natura
1067 829 1286 967 praedita
1309 853 1555 934 constent.

424 1009 699 1146 Principio,
728 1009 869 1149 quod
893 1007 1097 1144 Averna
1120 1028 1379 1126 vocantur,
1403 979 1587 1108 nomen
1611 1006 1663 1108 id
1692 1004 1756 1108 ab
1782 1043 1837 1107 re

355 1184 659 1325 Impositum
685 1207 776 1306 est,
804 1185 927 1325 quia
951 1206 1071 1284 sunt
1095 1178 1271 1281 avibus
1297 1183 1547 1281 contraria
1571 1182 1782 1300 cunctis,

355 1358 402 1463 E
427 1361 634 1499 regione
660 1397 719 1459 ca
745 1361 885 1498 quod
911 1361 1023 1461 loca
1047 1392 1203 1496 quom
1230 1355 1479 1457 advenere
1503 1355 1748 1477 volantcS,

355 1531 576 1672 Remigii
602 1533 775 1634 oblitae
802 1572 1085 1673 pennarum
1110 1529 1222 1631 vela
1245 1531 1528 1652 remittunt,

355 1707 757 1847 Praecipitesque
783 1707 975 1811 cadunt
998 1704 1141 1806 molli
1167 1704 1360 1805 cervice
1384 1705 1608 1842 profusae

354 1885 416 1988 ln
443 1910 645 2005 terram,
667 1887 708 1985 si
734 1883 863 1985 forte
890 1886 962 1984 ita
985 1883 1085 1984 fert
1109 1903 1291 1982 natura
1315 1880 1538 1982 locorum
1558 1924 1572 2006 ;

353 2061 465 2164 Aut
489 2062 541 2161 in
570 2098 772 2200 aquam,
801 2063 841 2160 si
867 2059 997 2160 forte
1022 2060 1161 2160 lacus
1188 2056 1469 2159 substratus
1494 2057 1697 2159 Averno
1723 2080 1813 2162 est.

424 2233 606 2356 Qualis
627 2235 766 2372 apud
788 2233 976 2337 Cumas
994 2235 1133 2335 locus
1149 2255 1225 2334 est
1240 2233 1850 2374 montemqueVesevum,

179 2488 197 2547 4
355 2407 570 2550 Oppleti
597 2410 770 2511 calidis
797 2409 885 2511 ubi
912 2409 1111 2511 fumant
1133 2392 1360 2510 fontibus
1386 2433 1579 2512 auctus

424 2585 518 2689 Est
543 2611 594 2687 et
617 2584 880 2688 Athenaeis
906 2586 960 2686 in
986 2585 1253 2706 moenibus,
1281 2589 1408 2688 arcis
1433 2589 1483 2687 in
1512 2589 1622 2726 ipso

290 2802 301 2823 ·
350 2759 573 2885 Venice,
600 2761 821 2863 Palladis
847 2760 909 2860 ad
937 2762 1184 2898 templum
1209 2759 1501 2864 Tritonidos
1528 2764 1690 2884 almae,

354 2933 473 3056 Quo
499 2975 766 3076 nunquam
790 2923 972 3073 pennis
999 2935 1266 3073 adpellunt
1292 2978 1504 3077 corpora
1527 2980 1694 3043 raucae

355 3109 611 3231 Corniccs‚
638 3152 739 3213 non
769 3138 923 3252 quom
949 3109 1149 3211 fumant
1174 3114 1351 3217 altaria
1378 3114 1553 3216 donis:
1633 3130 1636 3136 ’

230 3289 232 3293 ⁴
352 3280 664 3425 Usqncadco
690 3285 914 3425 fugitant
937 3325 1040 3385 non
1067 3287 1165 3387 iras
1195 3285 1413 3389 Palladis
1439 3291 1596 3391 acreis

318 3472 321 3476 ’
354 3458 599 3600 Pervigili
623 3500 788 3582 causa,
819 3459 1032 3600 Grajdm
1058 3486 1118 3563 ut
1143 3467 1368 3566 cecinere
1394 3489 1591 3605 poctae3

354 3635 455 3738 Sed
484 3660 664 3737 natura
689 3636 785 3738 loci
815 3634 909 3737 hoc
937 3674 1070 3774 opus
1096 3638 1250 3740 efficit
1274 3641 1384 3778 ipsa
1408 3665 1602 3778 suapte.

423 3809 485 3914 In
514 3811 662 3953 Syria
687 3850 896 3952 quoque
922 3810 1086 3912 fertur
1110 3813 1229 3913 item
1257 3814 1398 3914 locus
1424 3853 1546 3936 csse,
1573 3817 1752 3941 videri,

245 3960 249 3967 ⁴
354 3984 728 4126 Quadrupedes
754 4026 1093 4127 quoquequo
1119 3990 1267 4091 simul
1294 4029 1350 4091 ac
1370 3992 1581 4130 vestigia
1605 3994 1826 4131 primum

352 4161 642 4282 Intulerint,
670 4164 889 4301 graviter
913 4164 987 4263 vis
1014 4188 1160 4302 cogat
1186 4165 1450 4267 concidere
1476 4167 1603 4305 ipsa,

245 4362 260 4375 ’
353 4333 599 4437 Manibus
627 4360 684 4437 ut
709 4339 748 4438 si
776 4337 877 4437 sint
902 4337 1029 4438 divis
1056 4362 1273 4441 mactata
1296 4364 1524 4477 repente.

253 4576 255 4583 ι
354 4509 545 4613 Omnia
569 4549 686 4650 quae
712 4515 929 4613 naturali
956 4516 1152 4616 ratione
1177 4538 1444 4654 geruntur,

352 4683 423 4789 Et
447 4686 635 4826 quibus
661 4727 689 4788 e
715 4691 875 4791 causis
901 4652 1042 4812 iiant,
1069 4714 1284 4829 apparet
1308 4693 1481 4831 origo:

349 4860 384 4964 J
388 4901 521 4965 anua
545 4903 610 4965 ne
634 4864 713 4966 his
741 4865 864 4969 Orci
889 4871 1063 5007 potius
1088 4873 1383 5013 regionibus
1409 4915 1515 4978 esse

353 5032 608 5142 Credatur
632 5044 794 5182 pdsta,
821 5041 941 5146 hinc
968 5047 1161 5152 animas
1185 5046 1494 5155 Acheruntis
1518 5052 1571 5154 in
1596 5091 1709 5155 oras
