<?xml version="1.0" encoding="UTF-8"?>
<!DOCTYPE html PUBLIC "-//W3C//DTD XHTML 1.0 Transitional//EN"
    "http://www.w3.org/TR/xhtml1/DTD/xhtml1-transitional.dtd">
<html xmlns="http://www.w3.org/1999/xhtml" xml:lang="en" lang="en">
 <head>
  <title>
</title>
<meta http-equiv="Content-Type" content="text/html;charset=utf-8" />
  <meta name='ocr-system' content='tesseract 3.04.00' />
  <meta name='ocr-capabilities' content='ocr_page ocr_carea ocr_par ocr_line ocrx_word'/>
</head>
<body>
  <div class='ocr_page' id='page_1' title='image "./tlucretiicaride01carugoog_0232.png"; bbox 0 0 4432 5984; ppageno 0'>
   <div class='ocr_carea' id='block_1_1' title="bbox 399 381 1633 517">
    <p class='ocr_par' dir='ltr' id='par_1_1' title="bbox 399 381 1633 517">
     <span class='ocr_line' id='line_1_1' title="bbox 399 381 1633 517; baseline 0.019 -22"><span class='ocrx_word' id='word_1_1' title='bbox 399 381 569 509; x_wconf 68' lang='lat' dir='ltr'>oso</span> <span class='ocrx_word' id='word_1_2' title='bbox 791 393 880 508; x_wconf 72' lang='lat' dir='ltr'>&#39;uf</span> <span class='ocrx_word' id='word_1_3' title='bbox 919 396 1354 515; x_wconf 80' lang='lat' dir='ltr'>tucnurn</span> <span class='ocrx_word' id='word_1_4' title='bbox 1403 424 1633 517; x_wconf 44' lang='lat' dir='ltr'>wcaa1</span> 
     </span>
    </p>
   </div>
   <div class='ocr_carea' id='block_1_2' title="bbox 319 673 1925 5210">
    <p class='ocr_par' dir='ltr' id='par_1_2' title="bbox 426 673 1751 1009">
     <span class='ocr_line' id='line_1_2' title="bbox 467 673 1610 821; baseline 0.011 -46"><span class='ocrx_word' id='word_1_5' title='bbox 467 673 703 797; x_wconf 82' lang='lat' dir='ltr'>Ducitur,</span> <span class='ocrx_word' id='word_1_6' title='bbox 731 680 912 781; x_wconf 87' lang='lat' dir='ltr'>exierit</span> <span class='ocrx_word' id='word_1_7' title='bbox 937 685 1098 785; x_wconf 90' lang='lat' dir='ltr'>donec</span> <span class='ocrx_word' id='word_1_8' title='bbox 1123 682 1417 821; x_wconf 85' lang='lat' dir='ltr'>regionibus</span> <span class='ocrx_word' id='word_1_9' title='bbox 1443 688 1610 788; x_wconf 72' lang='lat' dir='ltr'>arctis,</span> 
     </span>
     <span class='ocr_line' id='line_1_3' title="bbox 535 852 1751 996; baseline 0.006 -41.342"><span class='ocrx_word' id='word_1_10' title='bbox 535 852 649 956; x_wconf 91' lang='lat' dir='ltr'>Hoc</span> <span class='ocrx_word' id='word_1_11' title='bbox 675 858 823 957; x_wconf 90' lang='lat' dir='ltr'>etiam</span> <span class='ocrx_word' id='word_1_12' title='bbox 852 885 1000 996; x_wconf 87' lang='lat' dir='ltr'>pacto</span> <span class='ocrx_word' id='word_1_13' title='bbox 1025 862 1220 962; x_wconf 81' lang='lat' dir='ltr'>tonitru</span> <span class='ocrx_word' id='word_1_14' title='bbox 1247 899 1488 961; x_wconf 90' lang='lat' dir='ltr'>concussa</span> <span class='ocrx_word' id='word_1_15' title='bbox 1511 862 1751 963; x_wconf 91' lang='lat' dir='ltr'>videntur</span> 
     </span>
    </p>

    <p class='ocr_par' dir='ltr' id='par_1_3' title="bbox 463 1028 1769 1348">
     <span class='ocr_line' id='line_1_4' title="bbox 465 1028 1769 1174; baseline 0.009 -48"><span class='ocrx_word' id='word_1_16' title='bbox 465 1028 654 1130; x_wconf 86' lang='lat' dir='ltr'>Omnia</span> <span class='ocrx_word' id='word_1_17' title='bbox 679 1070 814 1171; x_wconf 82' lang='lat' dir='ltr'>saepe</span> <span class='ocrx_word' id='word_1_18' title='bbox 840 1038 980 1173; x_wconf 87' lang='lat' dir='ltr'>gravi</span> <span class='ocrx_word' id='word_1_19' title='bbox 1005 1060 1237 1154; x_wconf 90' lang='lat' dir='ltr'>tremere,</span> <span class='ocrx_word' id='word_1_20' title='bbox 1267 1056 1318 1133; x_wconf 89' lang='lat' dir='ltr'>et</span> <span class='ocrx_word' id='word_1_21' title='bbox 1343 1034 1534 1135; x_wconf 88' lang='lat' dir='ltr'>divolsa</span> <span class='ocrx_word' id='word_1_22' title='bbox 1558 1059 1769 1174; x_wconf 88' lang='lat' dir='ltr'>repente</span> 
     </span>
     <span class='ocr_line' id='line_1_5' title="bbox 463 1193 1689 1348; baseline -0.002 -45"><span class='ocrx_word' id='word_1_23' title='bbox 463 1193 697 1306; x_wconf 83' lang='lat' dir='ltr'>Maxima·</span> <span class='ocrx_word' id='word_1_24' title='bbox 717 1208 988 1312; x_wconf 77' lang='lat' dir='ltr'>dissiluisse</span> <span class='ocrx_word' id='word_1_25' title='bbox 1015 1211 1212 1348; x_wconf 88' lang='lat' dir='ltr'>capacis</span> <span class='ocrx_word' id='word_1_26' title='bbox 1237 1211 1418 1308; x_wconf 87' lang='lat' dir='ltr'>moeuia</span> <span class='ocrx_word' id='word_1_27' title='bbox 1444 1210 1641 1330; x_wconf 90' lang='lat' dir='ltr'>mundi,</span> <span class='ocrx_word' id='word_1_28' title='bbox 1682 1285 1689 1300; x_wconf 87' lang='lat'>.</span> 
     </span>
    </p>

    <p class='ocr_par' dir='ltr' id='par_1_4' title="bbox 459 1377 1665 1696">
     <span class='ocr_line' id='line_1_6' title="bbox 462 1377 1665 1520; baseline 0.003 -41"><span class='ocrx_word' id='word_1_29' title='bbox 462 1377 634 1498; x_wconf 82' lang='lat' dir='ltr'>Quom</span> <span class='ocrx_word' id='word_1_30' title='bbox 661 1382 828 1484; x_wconf 87' lang='lat' dir='ltr'>subito</span> <span class='ocrx_word' id='word_1_31' title='bbox 852 1385 1005 1485; x_wconf 87' lang='lat' dir='ltr'>validi</span> <span class='ocrx_word' id='word_1_32' title='bbox 1030 1386 1167 1486; x_wconf 89' lang='lat' dir='ltr'>venti</span> <span class='ocrx_word' id='word_1_33' title='bbox 1195 1384 1420 1483; x_wconf 87' lang='lat' dir='ltr'>conlecta</span> <span class='ocrx_word' id='word_1_34' title='bbox 1446 1384 1665 1520; x_wconf 90' lang='lat' dir='ltr'>procella</span> 
     </span>
     <span class='ocr_line' id='line_1_7' title="bbox 459 1552 1657 1696; baseline 0.004 -42"><span class='ocrx_word' id='word_1_35' title='bbox 459 1552 703 1657; x_wconf 89' lang='lat' dir='ltr'>Nubibus</span> <span class='ocrx_word' id='word_1_36' title='bbox 728 1561 930 1659; x_wconf 88' lang='lat' dir='ltr'>intorsit</span> <span class='ocrx_word' id='word_1_37' title='bbox 955 1597 1076 1678; x_wconf 89' lang='lat' dir='ltr'>sese,</span> <span class='ocrx_word' id='word_1_38' title='bbox 1103 1559 1443 1696; x_wconf 89' lang='lat' dir='ltr'>conclusaque</span> <span class='ocrx_word' id='word_1_39' title='bbox 1468 1558 1657 1659; x_wconf 87' lang='lat' dir='ltr'>ibidem</span> 
     </span>
    </p>

    <p class='ocr_par' dir='ltr' id='par_1_5' title="bbox 319 1727 1907 2050">
     <span class='ocr_line' id='line_1_8' title="bbox 319 1727 1907 1873; baseline 0.006 -45"><span class='ocrx_word' id='word_1_40' title='bbox 319 1765 323 1773; x_wconf 85' lang='lat'><em>·</em></span> <span class='ocrx_word' id='word_1_41' title='bbox 454 1727 682 1832; x_wconf 85' lang='lat' dir='ltr'>Turbine</span> <span class='ocrx_word' id='word_1_42' title='bbox 707 1736 924 1843; x_wconf 85' lang='lat' dir='ltr'>versanti</span> <span class='ocrx_word' id='word_1_43' title='bbox 952 1736 1112 1873; x_wconf 89' lang='lat' dir='ltr'>magis</span> <span class='ocrx_word' id='word_1_44' title='bbox 1138 1771 1194 1836; x_wconf 87' lang='lat' dir='ltr'>ac</span> <span class='ocrx_word' id='word_1_45' title='bbox 1222 1736 1382 1872; x_wconf 90' lang='lat' dir='ltr'>magis</span> <span class='ocrx_word' id='word_1_46' title='bbox 1408 1733 1640 1872; x_wconf 89' lang='lat' dir='ltr'>undique</span> <span class='ocrx_word' id='word_1_47' title='bbox 1666 1734 1857 1838; x_wconf 91' lang='lat' dir='ltr'>nubem</span> <span class='ocrx_word' id='word_1_48' title='bbox 1904 1760 1907 1765; x_wconf 78' lang='grc'><em>’</em></span> 
     </span>
     <span class='ocr_line' id='line_1_9' title="bbox 457 1902 1638 2050; baseline 0.008 -45"><span class='ocrx_word' id='word_1_49' title='bbox 457 1902 624 2044; x_wconf 87' lang='lat' dir='ltr'>Cogit,</span> <span class='ocrx_word' id='word_1_50' title='bbox 653 1909 727 2007; x_wconf 93' lang='lat' dir='ltr'>uti</span> <span class='ocrx_word' id='word_1_51' title='bbox 755 1908 842 2007; x_wconf 89' lang='lat' dir='ltr'>liat</span> <span class='ocrx_word' id='word_1_52' title='bbox 866 1911 1027 2046; x_wconf 89' lang='lat' dir='ltr'>spisso</span> <span class='ocrx_word' id='word_1_53' title='bbox 1052 1948 1172 2011; x_wconf 85' lang='lat' dir='ltr'>cava</span> <span class='ocrx_word' id='word_1_54' title='bbox 1196 1951 1406 2050; x_wconf 89' lang='lat' dir='ltr'>corpore</span> <span class='ocrx_word' id='word_1_55' title='bbox 1433 1913 1638 2014; x_wconf 86' lang='lat' dir='ltr'>circum.</span> 
     </span>
    </p>

    <p class='ocr_par' dir='ltr' id='par_1_6' title="bbox 453 2076 1713 2223">
     <span class='ocr_line' id='line_1_10' title="bbox 453 2076 1713 2223; baseline 0.006 -45"><span class='ocrx_word' id='word_1_56' title='bbox 453 2076 576 2180; x_wconf 92' lang='lat' dir='ltr'>Post</span> <span class='ocrx_word' id='word_1_57' title='bbox 601 2081 690 2182; x_wconf 89' lang='lat' dir='ltr'>ubi</span> <span class='ocrx_word' id='word_1_58' title='bbox 715 2085 985 2184; x_wconf 89' lang='lat' dir='ltr'>commovit</span> <span class='ocrx_word' id='word_1_59' title='bbox 1008 2085 1082 2184; x_wconf 90' lang='lat' dir='ltr'>vis</span> <span class='ocrx_word' id='word_1_60' title='bbox 1108 2086 1234 2222; x_wconf 86' lang='lat' dir='ltr'>ejus,</span> <span class='ocrx_word' id='word_1_61' title='bbox 1262 2110 1314 2186; x_wconf 92' lang='lat' dir='ltr'>et</span> <span class='ocrx_word' id='word_1_62' title='bbox 1339 2088 1558 2223; x_wconf 88' lang='lat' dir='ltr'>impetus</span> <span class='ocrx_word' id='word_1_63' title='bbox 1584 2123 1713 2205; x_wconf 89' lang='lat' dir='ltr'>acer,</span> 
     </span>
    </p>

    <p class='ocr_par' dir='ltr' id='par_1_7' title="bbox 448 2250 1918 2749">
     <span class='ocr_line' id='line_1_11' title="bbox 448 2250 1918 2398; baseline 0.002 -46"><span class='ocrx_word' id='word_1_64' title='bbox 448 2250 581 2354; x_wconf 87' lang='lat' dir='ltr'>Tum</span> <span class='ocrx_word' id='word_1_65' title='bbox 610 2259 978 2395; x_wconf 83' lang='lat' dir='ltr'>perterricrepo</span> <span class='ocrx_word' id='word_1_66' title='bbox 1005 2260 1171 2358; x_wconf 86' lang='lat' dir='ltr'>sonitu</span> <span class='ocrx_word' id='word_1_67' title='bbox 1199 2260 1288 2360; x_wconf 87' lang='lat' dir='ltr'>dat</span> <span class='ocrx_word' id='word_1_68' title='bbox 1313 2263 1462 2361; x_wconf 89' lang='lat' dir='ltr'>missa</span> <span class='ocrx_word' id='word_1_69' title='bbox 1488 2261 1768 2398; x_wconf 82' lang='lat' dir='ltr'>fragorem:</span> <span class='ocrx_word' id='word_1_70' title='bbox 1916 2349 1918 2355; x_wconf 81' lang='grc'>,</span> 
     </span>
     <span class='ocr_line' id='line_1_12' title="bbox 452 2425 1855 2572; baseline 0.006 -44"><span class='ocrx_word' id='word_1_71' title='bbox 452 2425 506 2529; x_wconf 93' lang='lat' dir='ltr'>N</span> <span class='ocrx_word' id='word_1_72' title='bbox 510 2467 565 2529; x_wconf 86' lang='lat' dir='ltr'>ee</span> <span class='ocrx_word' id='word_1_73' title='bbox 591 2430 794 2552; x_wconf 89' lang='lat' dir='ltr'>mirum,</span> <span class='ocrx_word' id='word_1_74' title='bbox 824 2471 981 2571; x_wconf 91' lang='lat' dir='ltr'>quom</span> <span class='ocrx_word' id='word_1_75' title='bbox 1008 2435 1159 2572; x_wconf 90' lang='lat' dir='ltr'>plena</span> <span class='ocrx_word' id='word_1_76' title='bbox 1184 2436 1365 2536; x_wconf 87' lang='lat' dir='ltr'>animae</span> <span class='ocrx_word' id='word_1_77' title='bbox 1390 2435 1610 2537; x_wconf 81' lang='lat' dir='ltr'>vesicula</span> <span class='ocrx_word' id='word_1_78' title='bbox 1636 2473 1790 2571; x_wconf 87' lang='lat' dir='ltr'>parva</span> <span class='ocrx_word' id='word_1_79' title='bbox 1851 2476 1855 2483; x_wconf 57' lang='lat'><strong>¹</strong></span> 
     </span>
     <span class='ocr_line' id='line_1_13' title="bbox 451 2603 1768 2749; baseline 0.006 -45"><span class='ocrx_word' id='word_1_80' title='bbox 451 2603 599 2743; x_wconf 85' lang='lat' dir='ltr'>Saepe</span> <span class='ocrx_word' id='word_1_81' title='bbox 625 2609 696 2706; x_wconf 91' lang='lat' dir='ltr'>ita</span> <span class='ocrx_word' id='word_1_82' title='bbox 720 2607 808 2706; x_wconf 87' lang='lat' dir='ltr'>dat</span> <span class='ocrx_word' id='word_1_83' title='bbox 833 2610 1023 2746; x_wconf 90' lang='lat' dir='ltr'>pariter</span> <span class='ocrx_word' id='word_1_84' title='bbox 1048 2611 1266 2710; x_wconf 90' lang='lat' dir='ltr'>sonitum</span> <span class='ocrx_word' id='word_1_85' title='bbox 1294 2611 1514 2749; x_wconf 86' lang='lat' dir='ltr'>displosa</span> <span class='ocrx_word' id='word_1_86' title='bbox 1540 2633 1768 2748; x_wconf 87' lang='lat' dir='ltr'>repente.</span> 
     </span>
    </p>

    <p class='ocr_par' dir='ltr' id='par_1_8' title="bbox 393 2784 1771 3064">
     <span class='ocr_line' id='line_1_14' title="bbox 393 2784 1771 2926; baseline -0.003 -39"><span class='ocrx_word' id='word_1_87' title='bbox 393 2813 395 2819; x_wconf 82' lang='grc'><em>’</em></span> <span class='ocrx_word' id='word_1_88' title='bbox 518 2784 614 2887; x_wconf 89' lang='lat' dir='ltr'>Est</span> <span class='ocrx_word' id='word_1_89' title='bbox 638 2787 788 2886; x_wconf 85' lang='lat' dir='ltr'>etiam</span> <span class='ocrx_word' id='word_1_90' title='bbox 815 2789 958 2908; x_wconf 87' lang='lat' dir='ltr'>ratio,</span> <span class='ocrx_word' id='word_1_91' title='bbox 987 2807 1143 2926; x_wconf 89' lang='lat' dir='ltr'>quom</span> <span class='ocrx_word' id='word_1_92' title='bbox 1171 2789 1308 2889; x_wconf 88' lang='lat' dir='ltr'>venti</span> <span class='ocrx_word' id='word_1_93' title='bbox 1335 2785 1511 2885; x_wconf 89' lang='lat' dir='ltr'>nubila</span> <span class='ocrx_word' id='word_1_94' title='bbox 1537 2786 1771 2922; x_wconf 85' lang='lat' dir='ltr'>perflant,</span> 
     </span>
     <span class='ocr_line' id='line_1_15' title="bbox 449 2960 1715 3064; baseline -0.002 -1"><span class='ocrx_word' id='word_1_95' title='bbox 449 2960 557 3063; x_wconf 90' lang='lat' dir='ltr'>Cur</span> <span class='ocrx_word' id='word_1_96' title='bbox 582 2963 774 3063; x_wconf 87' lang='lat' dir='ltr'>sonitus</span> <span class='ocrx_word' id='word_1_97' title='bbox 800 2962 1015 3063; x_wconf 88' lang='lat' dir='ltr'>faciant:</span> <span class='ocrx_word' id='word_1_98' title='bbox 1056 2965 1242 3064; x_wconf 90' lang='lat' dir='ltr'>etenim</span> <span class='ocrx_word' id='word_1_99' title='bbox 1270 2998 1464 3062; x_wconf 87' lang='lat' dir='ltr'>ramosa</span> <span class='ocrx_word' id='word_1_100' title='bbox 1486 2960 1715 3061; x_wconf 91' lang='lat' dir='ltr'>videmus</span> 
     </span>
    </p>

    <p class='ocr_par' dir='ltr' id='par_1_9' title="bbox 442 3136 1883 3978">
     <span class='ocr_line' id='line_1_16' title="bbox 448 3136 1762 3276; baseline -0.002 -37"><span class='ocrx_word' id='word_1_101' title='bbox 448 3136 498 3239; x_wconf 92' lang='lat' dir='ltr'>N</span> <span class='ocrx_word' id='word_1_102' title='bbox 506 3137 647 3239; x_wconf 86' lang='lat' dir='ltr'>ubila</span> <span class='ocrx_word' id='word_1_103' title='bbox 672 3176 805 3276; x_wconf 87' lang='lat' dir='ltr'>saepe</span> <span class='ocrx_word' id='word_1_104' title='bbox 832 3138 993 3238; x_wconf 89' lang='lat' dir='ltr'>modis</span> <span class='ocrx_word' id='word_1_105' title='bbox 1018 3141 1208 3259; x_wconf 89' lang='lat' dir='ltr'>multis,</span> <span class='ocrx_word' id='word_1_106' title='bbox 1230 3163 1386 3276; x_wconf 90' lang='lat' dir='ltr'>atque</span> <span class='ocrx_word' id='word_1_107' title='bbox 1414 3175 1590 3273; x_wconf 88' lang='lat' dir='ltr'>aspera</span> <span class='ocrx_word' id='word_1_108' title='bbox 1614 3136 1762 3236; x_wconf 89' lang='lat' dir='ltr'>ferri:</span> 
     </span>
     <span class='ocr_line' id='line_1_17' title="bbox 446 3308 1800 3455; baseline -0.002 -41"><span class='ocrx_word' id='word_1_109' title='bbox 446 3311 649 3414; x_wconf 87' lang='lat' dir='ltr'>Scilicet</span> <span class='ocrx_word' id='word_1_110' title='bbox 666 3318 733 3412; x_wconf 71' lang='lat' dir='ltr'>&#39;ut</span> <span class='ocrx_word' id='word_1_111' title='bbox 757 3312 983 3413; x_wconf 87' lang='lat' dir='ltr'>crebram</span> <span class='ocrx_word' id='word_1_112' title='bbox 1010 3317 1200 3455; x_wconf 85' lang='lat' dir='ltr'>sylvam</span> <span class='ocrx_word' id='word_1_113' title='bbox 1229 3353 1385 3454; x_wconf 88' lang='lat' dir='ltr'>quom</span> <span class='ocrx_word' id='word_1_114' title='bbox 1414 3312 1617 3411; x_wconf 86' lang='lat' dir='ltr'>flamina</span> <span class='ocrx_word' id='word_1_115' title='bbox 1645 3308 1800 3413; x_wconf 86' lang='lat' dir='ltr'>Cauri</span> 
     </span>
     <span class='ocr_line' id='line_1_18' title="bbox 443 3486 1883 3623; baseline 0.001 -35"><span class='ocrx_word' id='word_1_116' title='bbox 443 3487 687 3607; x_wconf 86' lang='lat' dir='ltr'>Perflant,</span> <span class='ocrx_word' id='word_1_117' title='bbox 715 3488 840 3587; x_wconf 90' lang='lat' dir='ltr'>dant</span> <span class='ocrx_word' id='word_1_118' title='bbox 865 3491 1084 3588; x_wconf 90' lang='lat' dir='ltr'>sonitum</span> <span class='ocrx_word' id='word_1_119' title='bbox 1111 3488 1333 3608; x_wconf 67' lang='lat' dir='ltr'>frondes</span> <span class='ocrx_word' id='word_1_120' title='bbox 1362 3487 1590 3623; x_wconf 85' lang='lat' dir='ltr'>ramique</span> <span class='ocrx_word' id='word_1_121' title='bbox 1615 3486 1883 3618; x_wconf 83' lang='lat' dir='ltr'>fragorem.</span> 
     </span>
     <span class='ocr_line' id='line_1_19' title="bbox 443 3661 1763 3803; baseline -0.005 -38"><span class='ocrx_word' id='word_1_122' title='bbox 443 3663 527 3765; x_wconf 90' lang='lat' dir='ltr'>Fit</span> <span class='ocrx_word' id='word_1_123' title='bbox 552 3701 776 3803; x_wconf 89' lang='lat' dir='ltr'>quoqne,</span> <span class='ocrx_word' id='word_1_124' title='bbox 804 3686 863 3762; x_wconf 91' lang='lat' dir='ltr'>ut</span> <span class='ocrx_word' id='word_1_125' title='bbox 888 3661 1150 3764; x_wconf 76' lang='lat' dir='ltr'>interdum</span> <span class='ocrx_word' id='word_1_126' title='bbox 1170 3663 1323 3764; x_wconf 92' lang='lat' dir='ltr'>validi</span> <span class='ocrx_word' id='word_1_127' title='bbox 1349 3665 1423 3762; x_wconf 88' lang='lat' dir='ltr'>vis</span> <span class='ocrx_word' id='word_1_128' title='bbox 1449 3661 1603 3760; x_wconf 88' lang='lat' dir='ltr'>incita</span> <span class='ocrx_word' id='word_1_129' title='bbox 1626 3661 1763 3760; x_wconf 89' lang='lat' dir='ltr'>venti</span> 
     </span>
     <span class='ocr_line' id='line_1_20' title="bbox 442 3837 1704 3978; baseline -0.003 -38"><span class='ocrx_word' id='word_1_130' title='bbox 442 3837 740 3940; x_wconf 90' lang='lat' dir='ltr'>Perscindat</span> <span class='ocrx_word' id='word_1_131' title='bbox 764 3838 950 3938; x_wconf 90' lang='lat' dir='ltr'>nubem</span> <span class='ocrx_word' id='word_1_132' title='bbox 978 3839 1298 3978; x_wconf 84' lang='lat' dir='ltr'>perfringens</span> <span class='ocrx_word' id='word_1_133' title='bbox 1324 3840 1511 3975; x_wconf 90' lang='lat' dir='ltr'>impete</span> <span class='ocrx_word' id='word_1_134' title='bbox 1537 3860 1704 3936; x_wconf 87' lang='lat' dir='ltr'>recto:</span> 
     </span>
    </p>

    <p class='ocr_par' dir='ltr' id='par_1_10' title="bbox 439 4011 1809 4468">
     <span class='ocr_line' id='line_1_21' title="bbox 443 4011 1809 4155; baseline -0.005 -38"><span class='ocrx_word' id='word_1_135' title='bbox 443 4014 579 4118; x_wconf 86' lang='lat' dir='ltr'>Nam</span> <span class='ocrx_word' id='word_1_136' title='bbox 608 4015 735 4155; x_wconf 91' lang='lat' dir='ltr'>quid</span> <span class='ocrx_word' id='word_1_137' title='bbox 759 4016 920 4151; x_wconf 87' lang='lat' dir='ltr'>possit</span> <span class='ocrx_word' id='word_1_138' title='bbox 943 4013 1014 4114; x_wconf 91' lang='lat' dir='ltr'>ibi</span> <span class='ocrx_word' id='word_1_139' title='bbox 1041 4016 1208 4134; x_wconf 88' lang='lat' dir='ltr'>flatus,</span> <span class='ocrx_word' id='word_1_140' title='bbox 1238 4013 1502 4113; x_wconf 87' lang='lat' dir='ltr'>manifesta</span> <span class='ocrx_word' id='word_1_141' title='bbox 1527 4011 1675 4112; x_wconf 89' lang='lat' dir='ltr'>docet</span> <span class='ocrx_word' id='word_1_142' title='bbox 1700 4049 1809 4136; x_wconf 85' lang='lat' dir='ltr'>res3</span> 
     </span>
     <span class='ocr_line' id='line_1_22' title="bbox 441 4187 1724 4327; baseline -0.004 -35"><span class='ocrx_word' id='word_1_143' title='bbox 441 4189 557 4310; x_wconf 77' lang='lat' dir='ltr'>Hic,</span> <span class='ocrx_word' id='word_1_144' title='bbox 585 4187 863 4289; x_wconf 81' lang='lat' dir='ltr'>ubi&#39;leriior</span> <span class='ocrx_word' id='word_1_145' title='bbox 886 4213 978 4309; x_wconf 88' lang='lat' dir='ltr'>est,</span> <span class='ocrx_word' id='word_1_146' title='bbox 1005 4189 1055 4289; x_wconf 92' lang='lat' dir='ltr'>in</span> <span class='ocrx_word' id='word_1_147' title='bbox 1083 4212 1219 4290; x_wconf 88' lang='lat' dir='ltr'>terra</span> <span class='ocrx_word' id='word_1_148' title='bbox 1245 4225 1400 4327; x_wconf 90' lang='lat' dir='ltr'>quom</span> <span class='ocrx_word' id='word_1_149' title='bbox 1425 4210 1592 4286; x_wconf 88' lang='lat' dir='ltr'>tamen</span> <span class='ocrx_word' id='word_1_150' title='bbox 1621 4188 1724 4287; x_wconf 88' lang='lat' dir='ltr'>alta</span> 
     </span>
     <span class='ocr_line' id='line_1_23' title="bbox 439 4361 1636 4468; baseline -0.003 0"><span class='ocrx_word' id='word_1_151' title='bbox 439 4366 664 4468; x_wconf 90' lang='lat' dir='ltr'>Arbusta</span> <span class='ocrx_word' id='word_1_152' title='bbox 686 4366 918 4466; x_wconf 89' lang='lat' dir='ltr'>evolvens</span> <span class='ocrx_word' id='word_1_153' title='bbox 944 4363 1199 4465; x_wconf 84' lang='lat' dir='ltr'>radicibus</span> <span class='ocrx_word' id='word_1_154' title='bbox 1223 4363 1394 4464; x_wconf 88' lang='lat' dir='ltr'>haurit</span> <span class='ocrx_word' id='word_1_155' title='bbox 1417 4361 1481 4462; x_wconf 90' lang='lat' dir='ltr'>ab</span> <span class='ocrx_word' id='word_1_156' title='bbox 1508 4364 1636 4464; x_wconf 76' lang='lat' dir='ltr'>imis,</span> 
     </span>
    </p>

    <p class='ocr_par' dir='ltr' id='par_1_11' title="bbox 436 4537 1908 5031">
     <span class='ocr_line' id='line_1_24' title="bbox 471 4537 1908 4675; baseline -0.001 -33"><span class='ocrx_word' id='word_1_157' title='bbox 471 4576 474 4583; x_wconf 83' lang='lat'>·</span> <span class='ocrx_word' id='word_1_158' title='bbox 508 4540 641 4642; x_wconf 88' lang='lat' dir='ltr'>Sunt</span> <span class='ocrx_word' id='word_1_159' title='bbox 665 4542 816 4641; x_wconf 91' lang='lat' dir='ltr'>etiam</span> <span class='ocrx_word' id='word_1_160' title='bbox 840 4540 1027 4640; x_wconf 87' lang='lat' dir='ltr'>fluctus</span> <span class='ocrx_word' id='word_1_161' title='bbox 1052 4577 1145 4675; x_wconf 91' lang='lat' dir='ltr'>per</span> <span class='ocrx_word' id='word_1_162' title='bbox 1170 4538 1361 4657; x_wconf 88' lang='lat' dir='ltr'>nubila,</span> <span class='ocrx_word' id='word_1_163' title='bbox 1389 4539 1480 4675; x_wconf 89' lang='lat' dir='ltr'>qui</span> <span class='ocrx_word' id='word_1_164' title='bbox 1505 4537 1649 4675; x_wconf 88' lang='lat' dir='ltr'>quasi</span> <span class='ocrx_word' id='word_1_165' title='bbox 1674 4574 1908 4640; x_wconf 92' lang='lat' dir='ltr'>murmur</span> 
     </span>
     <span class='ocr_line' id='line_1_25' title="bbox 438 4711 1834 4855; baseline -0.004 -36"><span class='ocrx_word' id='word_1_166' title='bbox 438 4718 582 4820; x_wconf 88' lang='lat' dir='ltr'>Dant</span> <span class='ocrx_word' id='word_1_167' title='bbox 605 4717 931 4855; x_wconf 85' lang='lat' dir='ltr'>infringendo</span> <span class='ocrx_word' id='word_1_168' title='bbox 956 4717 1206 4854; x_wconf 86' lang='lat' dir='ltr'>graviter:</span> <span class='ocrx_word' id='word_1_169' title='bbox 1247 4713 1386 4853; x_wconf 90' lang='lat' dir='ltr'>quod</span> <span class='ocrx_word' id='word_1_170' title='bbox 1412 4711 1531 4813; x_wconf 89' lang='lat' dir='ltr'>item</span> <span class='ocrx_word' id='word_1_171' title='bbox 1560 4713 1695 4814; x_wconf 84' lang='lat' dir='ltr'>[itin</span> <span class='ocrx_word' id='word_1_172' title='bbox 1721 4713 1834 4814; x_wconf 87' lang='lat' dir='ltr'>altis</span> 
     </span>
     <span class='ocr_line' id='line_1_26' title="bbox 436 4889 1892 5031; baseline -0.002 -36"><span class='ocrx_word' id='word_1_173' title='bbox 436 4893 779 5012; x_wconf 55' lang='lat' dir='ltr'>Fluminibus</span> <span class='ocrx_word' id='word_1_174' title='bbox 800 4930 1090 5031; x_wconf 89' lang='lat' dir='ltr'>magnoque</span> <span class='ocrx_word' id='word_1_175' title='bbox 1116 4894 1259 5014; x_wconf 86' lang='lat' dir='ltr'>mari,</span> <span class='ocrx_word' id='word_1_176' title='bbox 1287 4929 1443 5030; x_wconf 89' lang='lat' dir='ltr'>quom</span> <span class='ocrx_word' id='word_1_177' title='bbox 1468 4889 1724 5028; x_wconf 87' lang='lat' dir='ltr'>frangitur</span> <span class='ocrx_word' id='word_1_178' title='bbox 1748 4896 1892 4991; x_wconf 87' lang='lat' dir='ltr'>aestu.</span> 
     </span>
    </p>

    <p class='ocr_par' dir='ltr' id='par_1_12' title="bbox 506 5065 1925 5210">
     <span class='ocr_line' id='line_1_27' title="bbox 506 5065 1925 5210; baseline 0 -42"><span class='ocrx_word' id='word_1_179' title='bbox 506 5068 588 5169; x_wconf 91' lang='lat' dir='ltr'>Fit</span> <span class='ocrx_word' id='word_1_180' title='bbox 608 5107 833 5210; x_wconf 88' lang='lat' dir='ltr'>quoqne,</span> <span class='ocrx_word' id='word_1_181' title='bbox 853 5067 943 5171; x_wconf 93' lang='lat' dir='ltr'>ubi</span> <span class='ocrx_word' id='word_1_182' title='bbox 963 5108 990 5170; x_wconf 92' lang='lat' dir='ltr'>e</span> <span class='ocrx_word' id='word_1_183' title='bbox 1010 5068 1147 5172; x_wconf 91' lang='lat' dir='ltr'>nube</span> <span class='ocrx_word' id='word_1_184' title='bbox 1165 5070 1216 5171; x_wconf 92' lang='lat' dir='ltr'>in</span> <span class='ocrx_word' id='word_1_185' title='bbox 1239 5065 1429 5170; x_wconf 90' lang='lat' dir='ltr'>nubem</span> <span class='ocrx_word' id='word_1_186' title='bbox 1448 5067 1521 5170; x_wconf 89' lang='lat' dir='ltr'>vis</span> <span class='ocrx_word' id='word_1_187' title='bbox 1539 5065 1723 5168; x_wconf 90' lang='lat' dir='ltr'>incidit</span> <span class='ocrx_word' id='word_1_188' title='bbox 1742 5065 1925 5168; x_wconf 87' lang='lat' dir='ltr'>ardens</span> 
     </span>
    </p>
   </div>
   <div class='ocr_carea' id='block_1_3' title="bbox 0 0 2220 5984">
    <p class='ocr_par' dir='ltr' id='par_1_13' title="bbox 0 0 2220 5984">
     <span class='ocr_line' id='line_1_28' title="bbox 0 0 2220 5984; baseline 0 9"><span class='ocrx_word' id='word_1_189' title='bbox 0 0 2220 5984; x_wconf 95' lang='lat' dir='ltr'> </span> 
     </span>
    </p>
   </div>
  </div>
 </body>
</html>
