4432 5984
361 340 461 441 140
682 349 741 435 Τ.
810 345 1236 437 LUCRETII
1301 344 1511 438 CARI

362 603 482 728 Quo
506 604 713 723 fuerint,
739 628 959 706 veterem
978 628 1029 705 et
1054 604 1229 706 sormae
1256 643 1452 707 servare
1477 608 1694 746 figuram
1714 648 1732 731 3

362 779 433 883 Et
456 780 618 879 multo
645 780 809 901 citius,
838 804 1031 917 quanto
1058 780 1224 879 minus
1248 779 1547 916 endopediri

361 952 531 1056 Pauca
557 976 771 1093 queunt,
798 978 850 1053 et
875 976 994 1053 sunt
1019 955 1067 1051 in
1096 956 1260 1091 prima
1283 953 1449 1053 fronte
1473 954 1650 1053 locata.
1772 1038 1776 1043 .

431 1125 568 1229 Nam
595 1150 729 1228 certe
747 1130 866 1265 jaci,
894 1151 1047 1265 atque
1074 1167 1331 1267 emergere
1357 1129 1517 1229 multa
1539 1127 1811 1247 videmus,

363 1297 486 1403 Non
513 1301 676 1401 solum
701 1340 765 1401 ex
792 1304 909 1420 alto,
937 1304 1261 1442 penitusque,
1289 1326 1347 1402 ut
1373 1303 1593 1403 diximus
1617 1324 1768 1421 ante,

360 1474 555 1580 Verum
583 1476 646 1575 de
672 1480 880 1577 summis
904 1480 1070 1615 ipsum
1098 1515 1305 1615 quoque
1330 1516 1464 1615 saepe
1489 1476 1743 1578 colorem:

363 1648 433 1751 Et
455 1652 609 1789 volgo
635 1651 829 1751 faciunt
853 1651 904 1752 id
931 1653 1083 1771 lutea,
1108 1690 1352 1789 russaque
1380 1652 1503 1771 vela,

364 1824 432 1926 Et
456 1824 732 1964 ferrugina,
760 1865 875 1927 cum
900 1827 1097 1963 magnis
1123 1827 1316 1927 intenta
1340 1824 1549 1925 theatris

362 1998 464 2101 Per
488 2001 643 2102 malos
668 2002 885 2138 volgata,
913 2000 1201 2137 trabeisque
1227 2000 1494 2099 trementia
1517 2000 1776 2103 fluctant:

365 2173 609 2316 Namque
634 2176 703 2276 ibi
733 2213 1014 2277 consessum
1044 2182 1210 2274 caveai
1234 2172 1423 2293 subter,
1450 2195 1502 2271 et
1525 2208 1732 2273 omnem

365 2348 545 2451 Scenai'
571 2351 807 2487 speciem,
833 2372 1054 2486 patrum,
1080 2372 1420 2486 matrumque,
1448 2347 1795 2485 deorumque,

364 2520 622 2643 Infieiunt,
649 2547 942 2661 coguntque
968 2563 1058 2624 suo
1084 2525 1283 2624 fluitare
1310 2523 1506 2645 colore3

365 2695 434 2801 Et
459 2721 651 2836 quanto
677 2700 865 2797 circum
893 2737 1038 2835 mage
1065 2721 1182 2798 sunt
1208 2699 1398 2799 inclusa
1423 2694 1609 2798 theatri

365 2869 574 2989 Moenia,
602 2894 704 2971 tam
732 2872 892 3007 magis
916 2870 1023 2971 haec
1049 2872 1186 2969 intus
1207 2870 1412 3007 perfusa
1434 2869 1609 3006 lepore

366 3045 555 3146 Omnia
581 3044 846 3145 conrident
871 3067 1112 3181 conrepta
1135 3046 1248 3145 luce
1274 3044 1390 3145 diei.

365 3217 505 3359 Ergo
529 3221 685 3319 lintea
712 3218 775 3317 de
801 3256 995 3317 summo
1022 3257 1183 3357 quum
1209 3257 1417 3355 corpore
1442 3216 1614 3317 fucum

365 3392 601 3513 Mittunt,
629 3393 820 3530 effigias
848 3431 1055 3531 quoque
1083 3392 1272 3493 debent
1296 3394 1493 3491 mittere
1518 3394 1720 3491 tenueis

365 3566 467 3670 Res
488 3605 726 3706 quaeque,
747 3606 810 3665 ex
827 3606 1023 3670 summo
1044 3570 1283 3708 quoniam
1299 3567 1583 3694 jaculantur
1603 3588 1880 3709 utraeque.

367 3740 500 3841 Sunt
525 3742 681 3876 igitur
699 3739 803 3875 jam
832 3739 1107 3843 formarum
1131 3743 1343 3877 vestigia
1367 3761 1520 3857 certa,

368 3913 499 4032 Quae
526 3914 674 4049 volgo
699 3913 911 4015 volitant
937 3917 1107 4017 subtili
1135 3917 1353 4053 praedita
1378 3916 1480 4033 filo,

367 4085 481 4188 Nec
509 4087 800 4223 singillatim
824 4111 1041 4222 possunt
1066 4112 1255 4189 secreta
1279 4091 1454 4193 videri.

437 4259 706 4380 Praeterea,
732 4262 893 4360 omnis
913 4262 1050 4380 odos,
1071 4261 1258 4379 fumus
1279 4302 1450 4401 vapor,
1473 4286 1628 4404 atque
1647 4265 1771 4369 aliae
1793 4310 1891 4375 res
1914 4364 1919 4371 .

371 4435 686 4555 consimiles,
713 4436 827 4535 ideo
856 4434 1054 4536 diffusae
1080 4437 1230 4537 rebus
1256 4439 1534 4559 abundant,

369 4609 452 4713 Ex
477 4611 578 4710 alto
604 4613 726 4749 quia
752 4612 875 4710 dum
900 4612 1110 4710 veniunt
1135 4612 1431 4712 intrinsecus
1456 4636 1601 4734 ortae,

370 4783 688 4886 Scinduntur
712 4825 807 4925 per
831 4789 927 4885 iter
951 4788 1171 4908 flexum3
1211 4826 1303 4886 neo
1330 4811 1467 4887 recta
1488 4790 1684 4889 viarum

370 4957 521 5060 Ostia
543 4983 678 5081 sunt,
706 4999 809 5107 qua
835 4959 1151 5062 contendunt
1174 4961 1312 5061 exire
1339 4984 1556 5064 coortae:
