4432 5984
361 354 460 455 150
724 356 784 444 Τ.
836 353 1271 447 LUCRETII
1337 352 1552 445 CARI

360 614 447 717 Sol
473 615 623 713 etiam
651 635 822 733 caecat,
850 637 1025 714 contra
1050 617 1090 716 si
1116 614 1326 715 tendere
1352 650 1565 751 pergas;

361 788 654 926 Propterea,
682 789 805 924 quia
829 789 902 887 vis
928 826 1115 926 magna
1138 811 1214 889 est
1240 789 1413 925 ipsius,
1441 810 1494 887 et
1518 786 1618 925 alte

361 964 498 1063 Aera
520 1001 615 1100 per
639 999 826 1099 purum
853 961 1074 1097 graviter
1098 960 1364 1060 simulacra
1389 960 1639 1081 feruntur,

365 1134 434 1235 Et
459 1135 651 1235 feriunt
675 1137 846 1236 oculos
871 1132 1130 1233 turbantia
1154 1134 1532 1270 composituros.

365 1307 635 1428 Praeterea,
663 1308 919 1445 splendor,
945 1309 1241 1446 quicunque
1268 1330 1344 1406 est
1369 1346 1500 1427 acer,
1525 1306 1704 1407 adurit

366 1480 516 1617 Saepe
541 1482 729 1598 oculos,
757 1479 874 1579 ideo
901 1481 1041 1620 quod
1071 1482 1264 1581 semina
1288 1480 1512 1617 possidet
1535 1482 1668 1620 ignis

366 1652 554 1773 Multa,
582 1654 808 1753 dolorem
833 1653 991 1753 oculis
1021 1690 1137 1790 quae
1163 1655 1384 1790 gignunt
1409 1654 1741 1757 insinuanda

437 1824 630 1927 Lurida
655 1850 904 1963 praeterea
929 1830 1062 1928 liunt
1089 1864 1412 1967 quaecunque
1438 1849 1649 1928 tuentur

367 2004 605 2141 Arquati,
635 2004 758 2141 quia
781 2003 963 2102 luroris
989 2003 1053 2102 de
1078 2042 1286 2139 corpore
1312 2039 1487 2102 eorum

372 2174 576 2275 Semina
602 2176 761 2275 multa
787 2178 959 2276 fluunt
984 2176 1261 2276 simulacris
1286 2175 1436 2275 obv-ia
1459 2212 1661 2297 rerum:

371 2352 646 2492 Multaque
672 2377 791 2454 sunt
816 2352 973 2453 oculis
999 2353 1049 2450 iu
1078 2388 1251 2449 eorum
1279 2348 1500 2486 denique
1527 2350 1693 2470 mista,

372 2525 506 2646 Quae
532 2550 745 2665 contage
772 2565 862 2627 sua
887 2520 1166 2661 palloribus
1191 2522 1360 2621 onmia
1386 2525 1623 2661 pingunt.

441 2699 487 2801 E
511 2698 734 2800 tenebris
760 2722 929 2799 autem
957 2736 1074 2835 quae
1102 2696 1293 2796 suntin
1322 2697 1437 2798 luce
1463 2710 1708 2817 tuemur,

371 2872 666 3011 Propterea,
694 2875 816 3012 quia
842 2911 956 2974 cum
983 2875 1191 3010 propior
1216 2874 1444 3011 caliginis
1470 2876 1555 2971 adr

378 3050 506 3147 Ater
531 3050 624 3147 inlt
648 3047 824 3148 oculos
851 3047 1003 3184 prior,
1031 3066 1083 3143 et
1106 3045 1330 3182 possedit
1355 3067 1571 3180 apertos

372 3221 670 3360 Iusequitur
694 3222 913 3322 caudens
939 3218 1201 3319 confestim
1227 3218 1552 3341 lucidusaiir,

375 3394 479 3515 Qui
509 3396 651 3533 quasi
681 3418 868 3533 purgat
893 3434 991 3513 eos,
1020 3434 1076 3493 ac
1104 3394 1272 3529 nigras
1299 3393 1506 3497 discutit
1534 3396 1751 3505 umbras

375 3572 522 3669 Aeris
548 3571 684 3670 illius
700 3612 713 3693 ;
756 3609 874 3670 nam
899 3568 1070 3667 multis
1097 3567 1324 3704 partibus
1350 3567 1431 3669 hic
1452 3592 1528 3670 est

379 3742 636 3861 Mobilior,
665 3744 939 3882 multisque
965 3744 1222 3863 minutior,
1250 3767 1301 3843 et
1326 3782 1472 3882 inaagc
1498 3747 1718 3883 pollens.

378 3914 483 4035 Qui
510 3917 658 4015 simul
685 3940 839 4054 atque
864 3918 968 4016 vias
993 3918 1252 4016 oculorum
1278 3919 1392 4019 luce
1418 3918 1649 4055 replevit,

377 4092 551 4227 Atque
577 4089 830 4226 patefecit,
860 4130 987 4229 quas
1012 4116 1129 4193 aute
1154 4093 1422 4196 obsederat
1446 4116 1569 4215 ater,
1608 4202 1610 4207 .

382 4259 638 4360 Continuo
663 4301 834 4363 rerum
861 4266 1125 4366 simulacra
1150 4269 1391 4407 adaperta
1417 4291 1711 4407 sequuntur

384 4430 516 4551 Quae
543 4435 636 4532 sita
661 4438 855 4536 suntin
880 4440 1010 4559 luce,
1036 4441 1405 4581 lacessuntque,
1433 4466 1492 4544 ut
1514 4444 1821 4559 videamus.
1867 4470 1870 4477 '

385 4604 537 4725 Quod
565 4609 925 4712 contrafacere
950 4615 1002 4713 in
1028 4614 1249 4716 tenebris
1275 4655 1304 4716 a
1327 4617 1441 4716 luce
1465 4617 1780 4757 nequimus,-

386 4778 676 4915 Propterea,
704 4785 827 4920 quia
849 4791 1096 4923 posterior
1119 4793 1346 4930 caliginis
1372 4794 1458 4892 aer

391 4950 615 5052 Crassior
639 4956 942 5096 insequitur,
965 4967 1055 5104 qui
1081 4989 1262 5068 cuncta
1285 4967 1531 5069 foramina
1555 4972 1822 5109 complet,
