4432 5984
361 406 461 509 146
699 418 758 505 Τ.
827 416 1259 508 LUCRETII
1325 414 1539 506 CARI

364 675 495 777 Cum
523 712 658 774 mare
683 712 943 777 versamur
967 700 1177 815 propter
1192 718 1205 800 ;
1243 675 1510 811 dilutaque
1535 696 1721 774 contra

363 848 494 951 Cum
520 852 715 951 tuimur
739 852 933 952 misceri
960 850 1227 971 absinthia,
1254 850 1419 985 tangit
1445 886 1656 951 amaror.

361 1024 541 1164 Usque
567 1026 693 1126 adeo
717 1027 953 1129 omnibus
979 1027 1043 1128 ab
1070 1025 1220 1126 rebus
1247 1063 1325 1124 res
1352 1061 1576 1161 quaeque
1602 1024 1854 1121 fluenter

363 1202 560 1323 Fertur,
589 1225 638 1301 et
664 1204 716 1301 in
744 1224 950 1302 cunetas
976 1200 1249 1299 dimittitur
1273 1199 1505 1337 undique
1532 1196 1765 1335 parteis3

363 1374 476 1476 Nec
503 1414 657 1496 mora,
685 1415 777 1477 neo
803 1376 1003 1514 requies
1029 1375 1161 1473 inter
1186 1373 1337 1473 datur
1362 1373 1466 1473 ulla
1490 1370 1724 1472 fluendi:

361 1548 615 1687 Perpetuo
642 1552 882 1689 quoniam
908 1551 1167 1667 sentimus,
1194 1569 1246 1646 et
1264 1552 1432 1651 omnia
1450 1588 1649 1687 semper

361 1722 598 1844 Cernere,
625 1725 824 1825 odorari
850 1726 985 1845 licet,
1011 1748 1063 1824 et
1090 1724 1274 1822 sentire
1295 1760 1540 1827 sonorem.

429 1897 698 2019 Praeterea,
727 1900 966 2038 quoniam
995 1896 1233 1998 manibus
1253 1920 1466 2000 tractata
1484 1900 1650 2037 figura
1780 2006 1784 2017 ,

360 2071 423 2173 In
448 2073 672 2174 tenebris
698 2074 934 2212 quaedem
967 2076 1288 2212 cognoscitur
1312 2112 1417 2173 esse
1443 2073 1618 2173 eadem
1645 2111 1782 2215 quae

361 2246 602 2349 Cernitur
626 2250 677 2347 in
705 2250 817 2349 luce
842 2271 894 2348 et
918 2250 1052 2350 claro
1076 2248 1308 2367 candore,
1335 2284 1536 2347 neeesse
1561 2268 1637 2345 est

362 2419 624 2523 Consimili
651 2460 800 2522 causa
825 2446 1018 2526 tactum
1042 2427 1309 2562 risumque
1334 2422 1538 2521 moveri.
1641 2546 1647 2557 ·

363 2592 411 2695 N
424 2635 521 2696 unc
547 2597 722 2732 igitur,
750 2598 789 2694 si
816 2600 1121 2735 quadratum
1148 2622 1416 2716 tentamuS,
1443 2618 1495 2698 et
1519 2594 1571 2696 id
1596 2634 1691 2699 nos

364 2767 666 2869 Commovet
690 2770 743 2868 in
776 2769 997 2871 tenebris
1012 2815 1026 2893 3
1065 2775 1116 2873 in
1141 2775 1242 2873 luci
1270 2810 1386 2911 quoe
1413 2760 1601 2906 poterit
1624 2808 1709 2871 res

362 2926 610 3044 Aceidere
637 2943 700 3042 ad
730 2947 967 3081 speeiem,
996 2949 1244 3087 quadrata
1269 2948 1364 3046 nisi
1391 2945 1500 3083 ejus
1524 2946 1731 3083 imago?

435 3115 559 3217 Esse
585 3118 637 3217 in
665 3118 973 3255 imaginibus
1000 3144 1313 3260 quapropter
1336 3158 1486 3219 causa
1509 3118 1718 3223 videtur

369 3291 643 3411 Cernendi,
670 3329 839 3429 neque
864 3332 1009 3431 posse
1037 3297 1143 3394 sine
1168 3292 1246 3392 his
1271 3331 1349 3391 res
1376 3293 1480 3392 ulla
1503 3292 1682 3396 videri.

367 3464 526 3567 Nunc
553 3502 628 3584 ra,
656 3503 773 3602 quae
800 3465 928 3587 dieo,
957 3506 1125 3567 rerum
1151 3467 1431 3584 simulacra,
1458 3465 1696 3569 feruntur

366 3638 631 3780 Undique,
658 3641 785 3741 etin
813 3665 1018 3743 cunetas
1035 3642 1296 3779 jaciuntur
1323 3639 1483 3740 didita
1508 3642 1732 3777 parteis;

367 3813 581 3935 Verum,
608 3854 699 3914 nos
725 3816 884 3914 oculis
910 3819 1030 3955 quia
1056 3818 1171 3916 solis
1196 3853 1400 3914 eernere
1427 3816 1647 3953 quimus,

368 3993 646 4131 Propterea
672 3995 746 4114 fit,
775 3997 869 4111 uti,
898 3992 1114 4129 speeiem
1143 4028 1245 4127 quo
1269 3991 1526 4109 tertirnuS,
1552 4027 1736 4095 omnes

370 4167 472 4269 Res
499 4166 569 4266 ibi
596 4206 703 4266 eam
732 4190 907 4266 eontra
933 4165 1120 4263 feriunt
1143 4165 1302 4264 forma
1328 4189 1483 4303 atque
1509 4166 1696 4277 colore.

371 4340 441 4443 Et
466 4363 715 4478 quamtum
743 4379 967 4479 quaeque
994 4381 1022 4440 a
1047 4340 1192 4439 nobis
1217 4380 1295 4440 res
1320 4337 1466 4458 absit,
1492 4340 1660 4475 imago

377 4511 549 4615 Efficit
573 4535 632 4612 ut
656 4513 931 4635 rideamus,
959 4538 1010 4613 et
1034 4517 1369 4615 internoscere
1395 4537 1551 4615 curat.

374 4690 510 4793 Num
539 4730 653 4790 eum
681 4692 914 4809 mittitur,
941 4692 1200 4826 extemplo
1227 4690 1484 4826 protrudit
1502 4689 1721 4828 agitque
1800 4794 1803 4799 ,

373 4869 525 4987 Ae'ra,
554 4868 642 5005 qni
670 4867 801 4966 inter
827 4904 878 4963 se
904 4902 1124 5003 euinque
1151 4889 1226 4964 est
1250 4865 1524 5002 oculosque
1551 4864 1801 4999 locatus3

375 5041 530 5183 Isque
557 5042 626 5139 ita
650 5078 744 5177 per
767 5062 961 5140 nostras
987 5040 1115 5139 acies
1140 5039 1422 5177 perlabitur
1445 5037 1624 5157 omuiS,
1742 5034 1745 5040 ’
