4432 5984
377 340 478 443 106
713 353 775 441 T.
842 349 1270 441 LUCRETII
1335 350 1548 443 CARI

366 610 598 729 Parvola,
626 646 744 747 quae
770 628 995 749 nequeat
1017 612 1145 712 ratio
1172 611 1427 750 depellere
1453 612 1634 733 doctis,

370 782 445 887 Ut
470 783 595 884 nihil
622 783 868 921 impediat
893 784 1100 921 dignam
1128 785 1204 886 dls
1230 785 1419 924 degere
1443 788 1613 887 vitam.

440 958 569 1059 Haec
597 960 757 1095 igitur
779 981 960 1059 natura
983 982 1188 1061 tenetur
1211 997 1422 1098 corpore
1445 958 1511 1059 ab
1537 961 1702 1079 omui,

369 1135 593 1276 Ipsaque
618 1138 842 1273 corporis
867 1160 943 1237 est
966 1161 1151 1258 custos,
1178 1157 1230 1236 et
1254 1170 1406 1235 causa
1430 1134 1638 1259 salutis;

371 1308 510 1411 Nam
536 1308 889 1411 communibus
913 1312 1047 1411 inter
1072 1350 1124 1412 se
1148 1305 1410 1411 radicibus
1424 1303 1644 1427 haerent,

369 1481 484 1585 Nec
510 1486 617 1584 sine
642 1485 865 1622 pernicie
891 1483 1062 1583 divelli
1088 1520 1234 1622 posse
1258 1479 1513 1581 videntur.

370 1655 524 1776 Quod
550 1696 712 1795 genus
738 1695 765 1756 e
792 1657 918 1757 turis
936 1656 1102 1796 glebis
1126 1655 1340 1755 evellere
1364 1654 1571 1754 odorem

369 1830 526 1929 Haud
553 1829 698 1929 facilc
725 1852 816 1950 est,
845 1833 970 1968 quin
995 1832 1212 1930 intereat
1237 1850 1420 1928 natura
1445 1866 1654 1968 quoque
1680 1828 1848 1967 ejus:

368 2003 451 2105 Sic
478 2005 631 2103 animi
658 2026 814 2142 atque
840 2008 1025 2105 auimae
1048 2025 1282 2105 naturam
1307 2039 1517 2138 corpore
1543 2024 1652 2103 toto

365 2177 648 2279 Extraliere
675 2177 815 2277 haud
839 2177 985 2281 facile
1004 2202 1096 2299 est,
1124 2179 1253 2317 quin
1277 2178 1447 2277 omnia
1473 2177 1867 2283 dissolvantur:

364 2350 610 2490 Implexis
633 2354 705 2451 ita
728 2353 990 2492 principiis
1016 2351 1080 2452 ab
1106 2352 1302 2491 origine
1328 2354 1495 2490 prima

363 2524 508 2626 Inter
532 2564 584 2625 se
610 2525 743 2626 fiunt
767 2530 987 2627 consorti
1013 2527 1233 2666 praedita
1255 2528 1388 2648 vita3

362 2700 477 2803 Nec
503 2701 610 2801 sine
634 2701 683 2801 vi
709 2699 995 2840 quidquam
1021 2701 1227 2800 alterius
1252 2699 1349 2800 sibi
1372 2736 1520 2835 posse
1544 2698 1754 2801 videtur

364 2875 622 3014 Corporis,
650 2900 804 3015 atque
830 2877 985 2975 animi
1011 2913 1235 2976 seorsum
1261 2873 1445 2975 sentire
1469 2896 1731 3012 potestas:

363 3050 465 3150 Sed
492 3051 845 3151 communibus
871 3050 1111 3151 intereos
1138 3054 1388 3153 conflatur
1413 3056 1675 3195 utrimque

361 3221 595 3325 Motibus
620 3264 857 3326 accensus
881 3224 1027 3325 uobis
1052 3263 1147 3363 per
1169 3227 1359 3326 viscera
1384 3267 1575 3333 seusus,

431 3396 701 3518 Praeterea,
729 3436 912 3536 eorpus
937 3436 1032 3533 per
1056 3436 1221 3499 senec
1246 3401 1478 3537 gignitur
1502 3444 1754 3544 unquam,

363 3570 477 3672 Nec
503 3573 696 3691 crescit,
722 3612 815 3673 nec
841 3598 957 3712 post
981 3599 1194 3675 mortem
1221 3575 1405 3676 durare
1429 3579 1647 3683 videtur.

364 3744 487 3847 Nou
514 3748 649 3846 euim
676 3770 736 3847 ut
758 3747 943 3848 humor
967 3787 1116 3887 aquae
1141 3750 1353 3850 dimittit
1378 3789 1511 3889 saepe
1535 3791 1805 3894 vaporem,

364 3915 466 4036 Qui
494 3917 642 4017 datus
667 3941 758 4037 est,
785 3958 956 4059 neque
982 3921 1045 4022 ab
1071 3922 1166 4024 hac
1192 3962 1343 4024 eausa
1367 3928 1668 4030 convellitur
1688 3930 1833 4068 ipse,

362 4090 463 4192 Sed
490 4114 662 4192 manet
678 4094 944 4196 incolumis
959 4139 974 4219 ;
1012 4135 1131 4216 nou,
1159 4098 1385 4235 iuquam,
1414 4100 1483 4200 sic
1509 4102 1696 4204 animai

360 4265 647 4367 Discidium
674 4293 888 4404 possunt
912 4294 1050 4369 artus
1076 4272 1299 4408 perferre
1324 4242 1515 4400 relieti3

360 4442 462 4544 Sed
488 4444 691 4579 penitus
716 4471 935 4581 pereunt
958 4450 1195 4569 convulsi,
1221 4488 1422 4590 conque
1446 4473 1772 4587 putrescunt.

359 4614 442 4717 Ex
466 4618 676 4716 ineunte
702 4657 810 4719 oevo
836 4622 905 4721 sic
931 4624 1154 4759 corporis
1178 4647 1334 4762 atque
1360 4626 1547 4729 animai

357 4789 548 4892 Mutua
570 4793 764 4895 vitaleis
788 4795 992 4897 discunt
1015 4801 1248 4937 contagia
1273 4825 1472 4925 motus;

355 4960 606 5068 Maternis
631 4969 784 5073 etiam
806 4973 862 5074 in
886 4971 1144 5096 membris
1170 4974 1385 5115 alvoque
1407 4978 1608 5117 repdsto
