4432 5984
357 393 426 497 96
698 402 759 492 Τ.
826 395 1250 490 LUCRETII
1318 392 1530 485 CARI

359 660 686 767 Immutabile
713 657 936 762 materiae
964 656 1174 795 quoque
1199 691 1384 793 corpus
1409 650 1596 752 habere
1707 652 1711 659 ’

275 982 278 987 ¹
364 837 576 943 Debent
599 838 855 959 nimirum.
930 830 1070 934 Nam
1090 832 1131 931 si
1156 829 1435 968 primordia
1458 866 1630 928 rerum

363 1011 683 1119 Commutari
709 1011 884 1149 aliqua
907 1030 1114 1146 possent
1139 1006 1332 1106 ratione
1359 1003 1560 1122 revicta,

365 1187 625 1293 Incertum
653 1225 862 1328 quoque
882 1180 995 1319 jam
1016 1200 1226 1297 constet,
1255 1177 1379 1316 quid
1407 1179 1567 1315 possit
1591 1178 1726 1301 oriri,

364 1364 508 1489 Quid
534 1385 779 1503 nequeat3
806 1361 951 1461 finita
975 1382 1198 1498 potestas
1225 1358 1448 1498 denique
1475 1324 1714 1500 quoique·

366 1538 605 1661 Quanam
632 1538 696 1638 sit
722 1536 931 1654 ratione,
960 1558 1116 1674 atque
1143 1522 1241 1634 aite
1266 1536 1515 1634 terminus
1539 1531 1765 1661 haerens;

369 1713 484 1817 Nec
507 1715 655 1814 toties
681 1732 888 1850 possent
912 1711 1193 1849 generatim
1219 1707 1367 1810 saecla
1390 1709 1580 1809 referre

369 1888 641 2010 Naturam,
670 1888 853 2006 motus,
879 1885 1088 2004 victum,
1117 1920 1384 2021 moresque
1409 1908 1696 2021 parentum.

435 2061 570 2165 Tum
586 2061 1005 2200 porr0,qu0niam
1018 2082 1301 2159 extremum
1321 2059 1610 2198 quojusque
1622 2099 1868 2194 cacumen

373 2235 614 2377 Corporis
640 2259 715 2335 est
740 2235 967 2371 aliquod,
995 2236 1152 2336 nostri
1180 2235 1317 2375 quod
1347 2272 1551 2334 cernere
1578 2219 1751 2337 sensus

367 2410 486 2515 Jam
513 2432 808 2551 nequeunt3
837 2410 889 2510 id
917 2408 1158 2509 nimirum
1185 2409 1291 2508 sine
1317 2408 1549 2546 partibus
1576 2436 1756 2534 exstat,

372 2584 442 2689 Et
466 2586 677 2685 minima
699 2606 897 2685 constat
922 2605 1133 2706 natura3
1160 2620 1252 2682 nec
1279 2582 1377 2682 fuit
1400 2625 1630 2725 unquam

372 2758 473 2862 Per
499 2799 549 2860 se
576 2780 841 2878 secretum,
870 2795 1037 2895 neque
1062 2755 1273 2894 posthac
1299 2796 1404 2857 esse
1430 2761 1646 2887 valebit3

371 2934 599 3036 Alterius
626 2933 867 3071 quoniam
894 2954 969 3032 est
995 2933 1162 3068 ipsum
1182 2969 1315 3069 pam,
1342 2934 1628 3075 primaque,
1657 2938 1864 3040 etima:

374 3109 502 3211 Inde
530 3110 658 3231 aliae,
686 3130 841 3248 atque
869 3107 979 3207 aliae
1007 3107 1192 3207 similes
1218 3146 1281 3206 ex
1307 3109 1483 3211 ordine
1509 3136 1679 3248 partes

371 3285 593 3422 Agmine
620 3281 873 3382 condenso
900 3305 1132 3381 naturam
1158 3283 1382 3420 corporis
1408 3287 1631 3422 explent.

377 3457 511 3579 Quae
540 3457 782 3597 quoniam
809 3492 979 3592 perse
1006 3479 1271 3593 nequeunt
1296 3480 1539 3579 constare,
1567 3500 1767 3565 necesse
1792 3489 1872 3568 est

378 3631 610 3752 Haerere,
635 3653 696 3733 ut
721 3652 981 3770 nequeant
1007 3631 1110 3729 ulla
1136 3631 1328 3731 ratione
1355 3635 1544 3736 revelli.

377 3811 511 3913 Sunt
535 3811 694 3949 igitur
719 3807 876 3909 solida
902 3804 1183 3944 primordia
1207 3806 1544 3944 simplicitate,

379 3984 514 4107 Quae
531 3976 759 4085 ¹minimis
785 3984 970 4119 stipata
995 3978 1252 4080 cohaerent
1274 3985 1506 4118 partibus
1533 4011 1697 4113 arcte,

380 4158 502 4262 Non
531 4199 596 4260 ex
622 4159 840 4260 ullorum
870 4177 1121 4256 conventu
1148 4156 1426 4278 conciliata,

380 4333 479 4436 Sed
508 4328 671 4473 tnagis
695 4357 884 4434 aeterna
902 4327 1149 4466 pollentia
1168 4328 1488 4466 simplicitate
1509 4375 1519 4434 ε

379 4504 533 4610 Unde
560 4546 729 4650 neque
755 4504 902 4608 avelli
930 4503 1233 4643 quidquam,
1259 4544 1428 4646 neque
1455 4508 1681 4613 deminui
1692 4513 1803 4651 jam

381 4676 630 4781 Concedit
648 4705 844 4800 natura,
872 4716 1129 4779 reservans
1155 4680 1345 4781 semina
1368 4680 1537 4785 rebus

450 4851 719 4976 Praeterea,
749 4859 844 5013 nisi
866 4855 962 4953 erit
986 4836 1280 4978 minimum,
1295 4858 1590 4994 parvissima
1615 4898 1837 5002 quaeque

382 5016 613 5157 Corpora
632 5022 938 5129 constabunt
962 5067 1025 5128 ex
1046 5024 1277 5170 partibus
1302 5033 1541 5137 infinitis:
