4432 5984
363 301 434 399 88
686 307 745 394 Τ.
808 302 1237 396 LUCRETII
1301 303 1514 401 CARI

361 563 612 704 Undique
640 594 1023 702 quomvorsum
1050 563 1269 699 sp‘atiu'm
1293 587 1436 666 vacet
1459 562 1748 685 infinitum,
1824 594 1829 601 ·
1875 588 1886 603 '

364 741 669 879 Seminaque
694 739 961 839 innumero
986 776 1214 860 numero,
1245 777 1545 881 summaque
1567 739 1860 879 profunda

364 914 688 1017 Multimodis
712 912 926 1016 volitent
952 937 1141 1017 aeterno
1166 916 1360 1054 percita
1384 935 1543 1034 motu,
1643 942 1708 955 ’·
1807 946 1811 953 ·

364 1088 521 1191 Hunc
547 1127 707 1189 unum
733 1110 984 1192 terrarum
1010 1088 1201 1210 orbem,
1241 1090 1527 1227 coelumque
1553 1068 1801 1189 creatum
1823 1130 1849 1215 ς·

365 1261 457 1364 Nil
486 1300 634 1401 agere
661 1262 749 1361 illa
771 1261 893 1363 foris
917 1286 995 1363 tot
1014 1301 1225 1401 corpora
1248 1267 1507 1368 materiai:

366 1436 537 1558 Quom
562 1438 846 1575 praesertim
871 1432 952 1535 hie
979 1432 1044 1535 sit
1068 1459 1252 1538 natura
1274 1436 1453 1559 factae,
1480 1461 1533 1539 et
1555 1439 1666 1578 ipsa

366 1611 560 1750 Sponte
587 1647 677 1711 sua
702 1608 833 1708 forte
858 1606 1152 1711 offensando
1179 1612 1370 1712 semina
1393 1651 1562 1714 rerum

265 1884 267 1893 ,
365 1783 702 1903 Multimodis
729 1806 934 1906 temere,
961 1785 1228 1905 incassum,
1255 1784 1564 1927 frustraque,
1598 1812 1806 1911 coacta,

361 1957 592 2060 Tandem
618 1958 900 2059 cooluerint
924 1994 1146 2096 eaquae
1171 1958 1397 2096 conjecta
1421 1985 1631 2098 repente

365 2130 674 2272 Magnarum
699 2171 871 2235 rerum
896 2133 1079 2232 fierent
1097 2131 1307 2232 exordia
1330 2170 1545 2274 semper,
1625 2231 1631 2243 ,

361 2305 554 2428 Terrai,
581 2308 751 2429 maris,
778 2330 831 2407 et
855 2306 983 2423 ooeli,
1010 2306 1313 2445 generisque
1336 2309 1666 2421 animantum.

365 2480 537 2602 Quare
563 2483 714 2584 etiam
740 2502 896 2621 atque
922 2481 1075 2582 etiam
1100 2479 1244 2580 taleis
1269 2479 1460 2581 fateare
1486 2520 1685 2585 necesse
1705 2506 1794 2587 est

364 2653 486 2756 Esse
514 2657 635 2756 alios
660 2655 782 2757 alibi
808 2691 1105 2792 oongressus
1131 2658 1375 2776 materiai,

366 2829 546 2951 Qualis
572 2831 654 2933 hic
680 2852 771 2951 est,
810 2826 958 2930 avido
983 2827 1254 2963 complexu
1281 2868 1435 2967 quem
1460 2855 1602 2932 tenet
1625 2830 1834 2939 aetlrer:

433 3005 703 3125 Praeterea,
742 3041 899 3144 quom
923 3002 1156 3100 materies
1176 3024 1253 3101 est
1276 3005 1439 3105 multa
1461 3028 1638 3143 parata
1651 3048 1680 3131 3-
1825 3042 1831 3053 ·

364 3178 535 3300 Quom
561 3180 700 3279 locus
726 3199 802 3277 est
823 3197 1040 3313 praest03
1080 3212 1172 3273 nee
1197 3213 1277 3275 res
1306 3216 1399 3278 nec
1424 3217 1575 3281 eausa
1598 3203 1851 3285 moratur¹

362 3353 517 3478 Ulla3
554 3355 663 3492 geri
688 3352 878 3452 debent
902 3352 1142 3450 nimirum
1174 3372 1226 3449 et
1243 3353 1449 3453 confieri
1475 3391 1572 3455 res.

362 3526 416 3629 N
422 3567 521 3629 uno
547 3551 599 3627 et
623 3525 899 3627 seminibus
924 3526 964 3623 si
989 3546 1129 3623 tanta
1148 3547 1224 3623 est
1248 3529 1409 3664 eopia,
1449 3550 1693 3668 quantam
1801 3568 1804 3575 ·

364 3701 676 3803 Enumerare
704 3726 824 3803 aetas
849 3703 1164 3801 animantum
1189 3741 1292 3802 non
1318 3726 1476 3841 queat
1497 3706 1690 3829 omnis3
1849 3746 1858 3759 ·

360 3877 558 4018 Visque
575 3878 751 3978 eadem
776 3900 829 3978 et
852 3899 1036 3978 natura
1059 3899 1245 3998 manet,
1287 3917 1404 4017 quae
1431 3880 1622 3980 semina
1638 3894 1861 3987 rammi

366 4051 628 4190 Conjieere
648 4055 700 4153 in
726 4054 838 4155 loca
863 4093 1087 4193 quaeque
1115 4076 1286 4190 queat,
1325 4052 1476 4151 simili
1500 4053 1736 4197 rationo,¹

360 4228 535 4368 Atque
560 4227 662 4330 huo
688 4252 807 4329 suut
829 4230 1082 4367 conjecta:
1122 4269 1323 4331 neeesse
1349 4251 1426 4329 est
1443 4230 1714 4331 confiteare

363 4405 487 4506 Esse
513 4406 635 4505 alios
660 4406 768 4504 aliis
794 4429 1044 4507 terrarum
1069 4406 1121 4506 in
1149 4404 1380 4541 partibus
1405 4404 1589 4525 orbeis

362 4578 431 4680 Et
448 4581 608 4679 varias
634 4577 895 4679 hominum
923 4578 1135 4715 genteiS,
1173 4600 1225 4676 et
1249 4580 1396 4680 saecla
1420 4579 1660 4683 ferarum.

432 4750 552 4853 Huc
578 4752 784 4874 accedit,
823 4776 883 4855 ut
906 4756 959 4854 in
985 4791 1180 4853 summa
1205 4790 1283 4853 res
1307 4755 1449 4853 nulla
1475 4756 1539 4855 sit
1563 4794 1682 4876 una,

360 4926 526 5069 Unica
551 4966 668 5067 quae
694 4929 951 5067 gignatur,
983 4951 1035 5029 et
1058 4928 1208 5029 unica
1236 4930 1445 5069 solaque
1471 4953 1677 5052 creseat,
