<?xml version="1.0" encoding="UTF-8"?>
<!DOCTYPE html PUBLIC "-//W3C//DTD XHTML 1.0 Transitional//EN"
    "http://www.w3.org/TR/xhtml1/DTD/xhtml1-transitional.dtd">
<html xmlns="http://www.w3.org/1999/xhtml" xml:lang="en" lang="en">
 <head>
  <title>
</title>
<meta http-equiv="Content-Type" content="text/html;charset=utf-8" />
  <meta name='ocr-system' content='tesseract 3.04.00' />
  <meta name='ocr-capabilities' content='ocr_page ocr_carea ocr_par ocr_line ocrx_word'/>
</head>
<body>
  <div class='ocr_page' id='page_1' title='image "./tlucretiicaride01carugoog_0049.png"; bbox 0 0 4432 5984; ppageno 0'>
   <div class='ocr_carea' id='block_1_1' title="bbox 365 283 1522 385">
    <p class='ocr_par' dir='ltr' id='par_1_1' title="bbox 365 283 1522 385">
     <span class='ocr_line' id='line_1_1' title="bbox 365 283 1522 385; baseline -0.01 0"><span class='ocrx_word' id='word_1_1' title='bbox 365 283 435 385; x_wconf 68' lang='lat'><strong>40</strong></span> <span class='ocrx_word' id='word_1_2' title='bbox 693 293 755 382; x_wconf 77' lang='lat' dir='ltr'><strong>T.</strong></span> <span class='ocrx_word' id='word_1_3' title='bbox 822 287 1248 381; x_wconf 82' lang='lat' dir='ltr'><strong>LUCRETII</strong></span> <span class='ocrx_word' id='word_1_4' title='bbox 1311 284 1522 379; x_wconf 85' lang='lat' dir='ltr'>CARI</span> 
     </span>
    </p>
   </div>
   <div class='ocr_carea' id='block_1_2' title="bbox 229 546 1921 5031">
    <p class='ocr_par' dir='ltr' id='par_1_2' title="bbox 229 546 1921 5031">
     <span class='ocr_line' id='line_1_2' title="bbox 366 546 1492 689; baseline -0.006 -38"><span class='ocrx_word' id='word_1_5' title='bbox 366 547 436 651; x_wconf 89' lang='lat' dir='ltr'><strong>Et</strong></span> <span class='ocrx_word' id='word_1_6' title='bbox 460 548 605 689; x_wconf 86' lang='lat' dir='ltr'><strong>quasi</strong></span> <span class='ocrx_word' id='word_1_7' title='bbox 631 587 821 652; x_wconf 84' lang='lat' dir='ltr'><strong>musaeo</strong></span> <span class='ocrx_word' id='word_1_8' title='bbox 847 548 983 649; x_wconf 85' lang='lat' dir='ltr'><strong>dulei</strong></span> <span class='ocrx_word' id='word_1_9' title='bbox 1009 547 1301 683; x_wconf 82' lang='lat' dir='ltr'><strong>contingere</strong></span> <span class='ocrx_word' id='word_1_10' title='bbox 1327 546 1492 656; x_wconf 80' lang='lat' dir='ltr'><strong>melle.</strong></span> 
     </span>
     <span class='ocr_line' id='line_1_3' title="bbox 346 714 1481 823; baseline -0.004 -1"><span class='ocrx_word' id='word_1_11' title='bbox 346 727 348 732; x_wconf 70' lang='grc'><strong>’</strong></span> <span class='ocrx_word' id='word_1_12' title='bbox 368 721 424 822; x_wconf 89' lang='lat' dir='ltr'><strong>Si</strong></span> <span class='ocrx_word' id='word_1_13' title='bbox 448 721 543 823; x_wconf 86' lang='lat' dir='ltr'><strong>tibi</strong></span> <span class='ocrx_word' id='word_1_14' title='bbox 568 714 700 822; x_wconf 83' lang='lat' dir='ltr'><strong>forte</strong></span> <span class='ocrx_word' id='word_1_15' title='bbox 723 724 949 823; x_wconf 79' lang='lat' dir='ltr'><strong>animum</strong></span> <span class='ocrx_word' id='word_1_16' title='bbox 974 722 1062 821; x_wconf 86' lang='lat' dir='ltr'><strong>tali</strong></span> <span class='ocrx_word' id='word_1_17' title='bbox 1089 720 1282 819; x_wconf 86' lang='lat' dir='ltr'><strong>ratione</strong></span> <span class='ocrx_word' id='word_1_18' title='bbox 1307 739 1481 819; x_wconf 86' lang='lat' dir='ltr'><strong>tenere</strong></span> 
     </span>
     <span class='ocr_line' id='line_1_4' title="bbox 365 893 1802 1034; baseline -0.003 -36"><span class='ocrx_word' id='word_1_19' title='bbox 365 895 612 1005; x_wconf 80' lang='lat' dir='ltr'>Versibus</span> <span class='ocrx_word' id='word_1_20' title='bbox 636 899 688 998; x_wconf 93' lang='lat' dir='ltr'><strong>iu</strong></span> <span class='ocrx_word' id='word_1_21' title='bbox 715 897 896 997; x_wconf 85' lang='lat' dir='ltr'><strong>nostris</strong></span> <span class='ocrx_word' id='word_1_22' title='bbox 921 932 1136 1034; x_wconf 86' lang='lat' dir='ltr'><strong>possem,</strong></span> <span class='ocrx_word' id='word_1_23' title='bbox 1163 893 1287 992; x_wconf 90' lang='lat' dir='ltr'><strong>dum</strong></span> <span class='ocrx_word' id='word_1_24' title='bbox 1312 893 1559 1030; x_wconf 79' lang='lat' dir='ltr'><strong>perspicis</strong></span> <span class='ocrx_word' id='word_1_25' title='bbox 1581 928 1802 994; x_wconf 88' lang='lat' dir='ltr'><strong>omnem</strong></span> 
     </span>
     <span class='ocr_line' id='line_1_5' title="bbox 367 1068 1612 1206; baseline -0.001 -34"><span class='ocrx_word' id='word_1_26' title='bbox 367 1068 620 1173; x_wconf 83' lang='lat' dir='ltr'><strong>Naturam</strong></span> <span class='ocrx_word' id='word_1_27' title='bbox 644 1108 833 1189; x_wconf 86' lang='lat' dir='ltr'><strong>rerum,</strong></span> <span class='ocrx_word' id='word_1_28' title='bbox 861 1106 965 1206; x_wconf 87' lang='lat' dir='ltr'><strong>qua</strong></span> <span class='ocrx_word' id='word_1_29' title='bbox 988 1072 1184 1168; x_wconf 88' lang='lat' dir='ltr'><strong>constet</strong></span> <span class='ocrx_word' id='word_1_30' title='bbox 1206 1090 1409 1205; x_wconf 83' lang='lat' dir='ltr'><strong>compta</strong></span> <span class='ocrx_word' id='word_1_31' title='bbox 1431 1069 1612 1206; x_wconf 60' lang='lat' dir='ltr'><strong>figura}</strong></span> 
     </span>
     <span class='ocr_line' id='line_1_6' title="bbox 438 1241 1577 1384; baseline -0.002 -40"><span class='ocrx_word' id='word_1_32' title='bbox 438 1243 545 1361; x_wconf 86' lang='lat' dir='ltr'><strong>Sed¹</strong></span> <span class='ocrx_word' id='word_1_33' title='bbox 567 1245 805 1384; x_wconf 80' lang='lat' dir='ltr'><strong>quoniam</strong></span> <span class='ocrx_word' id='word_1_34' title='bbox 833 1241 998 1357; x_wconf 86' lang='lat' dir='ltr'><strong>docui,</strong></span> <span class='ocrx_word' id='word_1_35' title='bbox 1027 1241 1324 1343; x_wconf 85' lang='lat' dir='ltr'><strong>solidissima</strong></span> <span class='ocrx_word' id='word_1_36' title='bbox 1349 1244 1577 1343; x_wconf 75' lang='lat' dir='ltr'><strong>material</strong></span> 
     </span>
     <span class='ocr_line' id='line_1_7' title="bbox 370 1412 1648 1554; baseline 0 -38"><span class='ocrx_word' id='word_1_37' title='bbox 370 1412 597 1554; x_wconf 84' lang='lat' dir='ltr'>Corpora</span> <span class='ocrx_word' id='word_1_38' title='bbox 623 1437 873 1554; x_wconf 90' lang='lat' dir='ltr'><strong>perpetuo</strong></span> <span class='ocrx_word' id='word_1_39' title='bbox 898 1413 1107 1514; x_wconf 85' lang='lat' dir='ltr'><strong>volitare</strong></span> <span class='ocrx_word' id='word_1_40' title='bbox 1132 1414 1319 1514; x_wconf 86' lang='lat' dir='ltr'><strong>invicta</strong></span> <span class='ocrx_word' id='word_1_41' title='bbox 1343 1452 1436 1552; x_wconf 88' lang='lat' dir='ltr'><strong>per</strong></span> <span class='ocrx_word' id='word_1_42' title='bbox 1460 1432 1648 1542; x_wconf 84' lang='lat' dir='ltr'><strong>aev0m3</strong></span> 
     </span>
     <span class='ocr_line' id='line_1_8' title="bbox 368 1586 1832 1726; baseline -0.002 -36"><span class='ocrx_word' id='word_1_43' title='bbox 368 1586 525 1690; x_wconf 85' lang='lat' dir='ltr'><strong>Nune</strong></span> <span class='ocrx_word' id='word_1_44' title='bbox 551 1626 660 1726; x_wconf 83' lang='lat' dir='ltr'><strong>age,</strong></span> <span class='ocrx_word' id='word_1_45' title='bbox 689 1595 903 1689; x_wconf 72' lang='lat' dir='ltr'><strong>summai</strong></span> <span class='ocrx_word' id='word_1_46' title='bbox 929 1586 1166 1725; x_wconf 84' lang='lat' dir='ltr'><strong>quaedam</strong></span> <span class='ocrx_word' id='word_1_47' title='bbox 1193 1589 1258 1687; x_wconf 82' lang='lat' dir='ltr'><strong>sit</strong></span> <span class='ocrx_word' id='word_1_48' title='bbox 1281 1586 1397 1688; x_wconf 87' lang='lat' dir='ltr'><strong>finis</strong></span> <span class='ocrx_word' id='word_1_49' title='bbox 1420 1598 1648 1710; x_wconf 81' lang='lat' dir='ltr'><strong>eorum,-&#39;</strong></span> <span class='ocrx_word' id='word_1_50' title='bbox 1674 1682 1678 1687; x_wconf 84' lang='lat'>.</span> <span class='ocrx_word' id='word_1_51' title='bbox 1824 1670 1832 1679; x_wconf 89' lang='lat'><em>.</em></span> 
     </span>
     <span class='ocr_line' id='line_1_9' title="bbox 367 1761 1867 1901; baseline 0 -36"><span class='ocrx_word' id='word_1_52' title='bbox 367 1761 547 1865; x_wconf 81' lang='lat' dir='ltr'><strong>Necne</strong></span> <span class='ocrx_word' id='word_1_53' title='bbox 568 1765 646 1883; x_wconf 87' lang='lat' dir='ltr'><strong>sit,</strong></span> <span class='ocrx_word' id='word_1_54' title='bbox 668 1764 982 1863; x_wconf 83' lang='lat' dir='ltr'>evolvamus:</span> <span class='ocrx_word' id='word_1_55' title='bbox 1010 1763 1132 1861; x_wconf 88' lang='lat' dir='ltr'><strong>item</strong></span> <span class='ocrx_word' id='word_1_56' title='bbox 1154 1761 1293 1898; x_wconf 91' lang='lat' dir='ltr'><strong>quod</strong></span> <span class='ocrx_word' id='word_1_57' title='bbox 1311 1763 1867 1901; x_wconf 78' lang='lat' dir='ltr'><strong>inane-repertumest,</strong></span> 
     </span>
     <span class='ocr_line' id='line_1_10' title="bbox 365 1935 1840 2077; baseline 0.002 -41"><span class='ocrx_word' id='word_1_58' title='bbox 365 1935 468 2037; x_wconf 84' lang='lat' dir='ltr'><strong>Seu</strong></span> <span class='ocrx_word' id='word_1_59' title='bbox 487 1937 643 2056; x_wconf 77' lang='lat' dir='ltr'><strong>loom,</strong></span> <span class='ocrx_word' id='word_1_60' title='bbox 664 1976 722 2037; x_wconf 84' lang='lat' dir='ltr'><strong>ac</strong></span> <span class='ocrx_word' id='word_1_61' title='bbox 747 1938 983 2073; x_wconf 81' lang='lat' dir='ltr'><strong>spatium,</strong></span> <span class='ocrx_word' id='word_1_62' title='bbox 1010 1937 1168 2035; x_wconf 88' lang='lat' dir='ltr'><strong>resin</strong></span> <span class='ocrx_word' id='word_1_63' title='bbox 1194 1940 1298 2073; x_wconf 86' lang='lat' dir='ltr'><strong>quo</strong></span> <span class='ocrx_word' id='word_1_64' title='bbox 1324 1976 1548 2076; x_wconf 88' lang='lat' dir='ltr'><strong>quaeque</strong></span> <span class='ocrx_word' id='word_1_65' title='bbox 1566 1950 1840 2077; x_wconf 81' lang='lat' dir='ltr'><strong>gerantur,</strong></span> 
     </span>
     <span class='ocr_line' id='line_1_11' title="bbox 365 2108 1610 2212; baseline 0.001 -1"><span class='ocrx_word' id='word_1_66' title='bbox 365 2108 727 2211; x_wconf 84' lang='lat' dir='ltr'><strong>Pervideamus</strong></span> <span class='ocrx_word' id='word_1_67' title='bbox 752 2133 925 2211; x_wconf 83' lang='lat' dir='ltr'><strong>utrum</strong></span> <span class='ocrx_word' id='word_1_68' title='bbox 950 2112 1154 2211; x_wconf 86' lang='lat' dir='ltr'><strong>finitum</strong></span> <span class='ocrx_word' id='word_1_69' title='bbox 1179 2108 1413 2210; x_wconf 86' lang='lat' dir='ltr'><strong>funditus</strong></span> <span class='ocrx_word' id='word_1_70' title='bbox 1440 2108 1610 2212; x_wconf 86' lang='lat' dir='ltr'><strong>Omne</strong></span> 
     </span>
     <span class='ocr_line' id='line_1_12' title="bbox 366 2283 1869 2424; baseline 0.006 -38"><span class='ocrx_word' id='word_1_71' title='bbox 366 2283 594 2404; x_wconf 87' lang='lat' dir='ltr'><strong>Constet,</strong></span> <span class='ocrx_word' id='word_1_72' title='bbox 605 2323 669 2384; x_wconf 85' lang='lat' dir='ltr'><strong>an</strong></span> <span class='ocrx_word' id='word_1_73' title='bbox 685 2286 988 2386; x_wconf 86' lang='lat' dir='ltr'><strong>immensum</strong></span> <span class='ocrx_word' id='word_1_74' title='bbox 1002 2309 1175 2423; x_wconf 83' lang='lat' dir='ltr'><strong>pateat</strong></span> <span class='ocrx_word' id='word_1_75' title='bbox 1190 2284 1268 2384; x_wconf 74' lang='lat' dir='ltr'><strong>uel</strong></span> <span class='ocrx_word' id='word_1_76' title='bbox 1278 2285 1510 2424; x_wconf 67' lang='lat' dir='ltr'><strong>adusque</strong></span> <span class='ocrx_word' id='word_1_77' title='bbox 1522 2285 1869 2423; x_wconf 85' lang='lat' dir='ltr'><strong>profundum.-</strong></span> 
     </span>
     <span class='ocr_line' id='line_1_13' title="bbox 437 2456 1834 2597; baseline 0.002 -37"><span class='ocrx_word' id='word_1_78' title='bbox 437 2456 606 2560; x_wconf 85' lang='lat' dir='ltr'><strong>Omne</strong></span> <span class='ocrx_word' id='word_1_79' title='bbox 627 2458 768 2597; x_wconf 92' lang='lat' dir='ltr'><strong>quod</strong></span> <span class='ocrx_word' id='word_1_80' title='bbox 794 2460 1085 2595; x_wconf 41' lang='lat' dir='ltr'><strong>estsigitur,</strong></span> <span class='ocrx_word' id='word_1_81' title='bbox 1108 2459 1250 2560; x_wconf 84' lang='lat' dir='ltr'><strong>nulla</strong></span> <span class='ocrx_word' id='word_1_82' title='bbox 1273 2458 1479 2595; x_wconf 80' lang='lat' dir='ltr'>regione</span> <span class='ocrx_word' id='word_1_83' title='bbox 1504 2461 1704 2593; x_wconf 76' lang='lat' dir='ltr'><strong>viarum¹</strong></span> <span class='ocrx_word' id='word_1_84' title='bbox 1831 2464 1834 2469; x_wconf 70' lang='grc'><strong>’</strong></span> 
     </span>
     <span class='ocr_line' id='line_1_14' title="bbox 365 2630 1806 2769; baseline 0.002 -34"><span class='ocrx_word' id='word_1_85' title='bbox 365 2631 588 2735; x_wconf 88' lang='lat' dir='ltr'><strong>Finitum</strong></span> <span class='ocrx_word' id='word_1_86' title='bbox 617 2653 721 2731; x_wconf 89' lang='lat' dir='ltr'><strong>est:</strong></span> <span class='ocrx_word' id='word_1_87' title='bbox 755 2669 1003 2769; x_wconf 76' lang='lat' dir='ltr'><strong>numqua</strong></span> <span class='ocrx_word' id='word_1_88' title='bbox 1028 2657 1312 2733; x_wconf 81' lang='lat' dir='ltr'><strong>extremum</strong></span> <span class='ocrx_word' id='word_1_89' title='bbox 1340 2630 1558 2734; x_wconf 85' lang='lat' dir='ltr'><strong>debebat</strong></span> <span class='ocrx_word' id='word_1_90' title='bbox 1582 2632 1806 2741; x_wconf 71' lang='lat' dir='ltr'><strong>habere?</strong></span> 
     </span>
     <span class='ocr_line' id='line_1_15' title="bbox 229 2805 1703 2942; baseline 0.004 -41"><span class='ocrx_word' id='word_1_91' title='bbox 229 2896 232 2901; x_wconf 78' lang='grc'><strong>,</strong></span> <span class='ocrx_word' id='word_1_92' title='bbox 366 2805 669 2908; x_wconf 85' lang='lat' dir='ltr'><strong>Extremum</strong></span> <span class='ocrx_word' id='word_1_93' title='bbox 694 2836 844 2942; x_wconf 77' lang='lat' dir='ltr'>porro</span> <span class='ocrx_word' id='word_1_94' title='bbox 866 2805 1056 2906; x_wconf 87' lang='lat' dir='ltr'><strong>nullius</strong></span> <span class='ocrx_word' id='word_1_95' title='bbox 1079 2844 1226 2942; x_wconf 87' lang='lat' dir='ltr'><strong>posse</strong></span> <span class='ocrx_word' id='word_1_96' title='bbox 1249 2805 1451 2906; x_wconf 88' lang='lat' dir='ltr'><strong>videtur</strong></span> <span class='ocrx_word' id='word_1_97' title='bbox 1612 2900 1618 2909; x_wconf 84' lang='lat'><strong><em>.</em></strong></span> <span class='ocrx_word' id='word_1_98' title='bbox 1698 2822 1703 2829; x_wconf 84' lang='grc'><strong>’</strong></span> 
     </span>
     <span class='ocr_line' id='line_1_16' title="bbox 364 2978 1570 3117; baseline 0.001 -36"><span class='ocrx_word' id='word_1_99' title='bbox 364 2978 505 3100; x_wconf 84' lang='lat' dir='ltr'><strong>Esse,</strong></span> <span class='ocrx_word' id='word_1_100' title='bbox 533 2981 628 3079; x_wconf 91' lang='lat' dir='ltr'><strong>nisi</strong></span> <span class='ocrx_word' id='word_1_101' title='bbox 655 2978 790 3078; x_wconf 85' lang='lat' dir='ltr'><strong>ultra</strong></span> <span class='ocrx_word' id='word_1_102' title='bbox 815 2978 1035 3117; x_wconf 86' lang='lat' dir='ltr'><strong>sitquod</strong></span> <span class='ocrx_word' id='word_1_103' title='bbox 1061 2980 1220 3100; x_wconf 84' lang='lat' dir='ltr'><strong>finiat,</strong></span> <span class='ocrx_word' id='word_1_104' title='bbox 1248 3003 1307 3080; x_wconf 90' lang='lat' dir='ltr'><strong>ut</strong></span> <span class='ocrx_word' id='word_1_105' title='bbox 1323 2979 1570 3101; x_wconf 85' lang='lat' dir='ltr'><strong>videatur,</strong></span> 
     </span>
     <span class='ocr_line' id='line_1_17' title="bbox 367 3150 1772 3295; baseline 0.006 -42"><span class='ocrx_word' id='word_1_106' title='bbox 367 3152 486 3273; x_wconf 84' lang='lat' dir='ltr'><strong>Quo</strong></span> <span class='ocrx_word' id='word_1_107' title='bbox 512 3191 614 3252; x_wconf 91' lang='lat' dir='ltr'><strong>non</strong></span> <span class='ocrx_word' id='word_1_108' title='bbox 633 3152 835 3289; x_wconf 89' lang='lat' dir='ltr'><strong>longius</strong></span> <span class='ocrx_word' id='word_1_109' title='bbox 860 3150 969 3252; x_wconf 84' lang='lat' dir='ltr'><strong>haec</strong></span> <span class='ocrx_word' id='word_1_110' title='bbox 996 3191 1172 3253; x_wconf 86' lang='lat' dir='ltr'><strong>sensus</strong></span> <span class='ocrx_word' id='word_1_111' title='bbox 1198 3159 1377 3254; x_wconf 82' lang='lat' dir='ltr'><strong>natura</strong></span> <span class='ocrx_word' id='word_1_112' title='bbox 1403 3181 1663 3295; x_wconf 84' lang='lat' dir='ltr'><strong>sequatur.</strong></span> <span class='ocrx_word' id='word_1_113' title='bbox 1768 3254 1772 3261; x_wconf 89' lang='lat'><em>.</em></span> 
     </span>
     <span class='ocr_line' id='line_1_18' title="bbox 365 3317 1869 3465; baseline 0.003 -33"><span class='ocrx_word' id='word_1_114' title='bbox 365 3328 523 3432; x_wconf 84' lang='lat' dir='ltr'><strong>Nune</strong></span> <span class='ocrx_word' id='word_1_115' title='bbox 540 3317 683 3428; x_wconf 82' lang='lat' dir='ltr'><strong>extra</strong></span> <span class='ocrx_word' id='word_1_116' title='bbox 699 3320 948 3426; x_wconf 87' lang='lat' dir='ltr'><strong>summam</strong></span> <span class='ocrx_word' id='word_1_117' title='bbox 969 3329 1210 3465; x_wconf 85' lang='lat' dir='ltr'><strong>quoniam</strong></span> <span class='ocrx_word' id='word_1_118' title='bbox 1226 3328 1471 3429; x_wconf 86' lang='lat' dir='ltr'><strong>nihilesse</strong></span> <span class='ocrx_word' id='word_1_119' title='bbox 1485 3332 1743 3435; x_wconf 83' lang='lat' dir='ltr'><strong>fatendum</strong></span> <span class='ocrx_word' id='word_1_120' title='bbox 1761 3358 1869 3460; x_wconf 78' lang='lat' dir='ltr'><strong>est,-</strong></span> 
     </span>
     <span class='ocr_line' id='line_1_19' title="bbox 364 3498 1921 3647; baseline -0.002 -43"><span class='ocrx_word' id='word_1_121' title='bbox 364 3502 488 3605; x_wconf 91' lang='lat' dir='ltr'><strong>Non</strong></span> <span class='ocrx_word' id='word_1_122' title='bbox 514 3498 669 3600; x_wconf 86' lang='lat' dir='ltr'><strong>habet</strong></span> <span class='ocrx_word' id='word_1_123' title='bbox 694 3523 1005 3600; x_wconf 83' lang='lat' dir='ltr'><strong>extremum:</strong></span> <span class='ocrx_word' id='word_1_124' title='bbox 1045 3527 1183 3603; x_wconf 83' lang='lat' dir='ltr'><strong>earet</strong></span> <span class='ocrx_word' id='word_1_125' title='bbox 1200 3542 1326 3641; x_wconf 86' lang='lat' dir='ltr'><strong>ergo</strong></span> <span class='ocrx_word' id='word_1_126' title='bbox 1354 3504 1471 3625; x_wconf 87' lang='lat' dir='ltr'><strong>fine,</strong></span> <span class='ocrx_word' id='word_1_127' title='bbox 1496 3507 1782 3647; x_wconf 88' lang='lat' dir='ltr'><strong>modoque:</strong></span> <span class='ocrx_word' id='word_1_128' title='bbox 1854 3532 1867 3599; x_wconf 83' lang='grc'><strong>“.</strong></span> <span class='ocrx_word' id='word_1_129' title='bbox 1916 3596 1921 3601; x_wconf 85' lang='grc'><strong>.</strong></span> 
     </span>
     <span class='ocr_line' id='line_1_20' title="bbox 364 3671 1801 3817; baseline -0.003 -40"><span class='ocrx_word' id='word_1_130' title='bbox 364 3674 477 3777; x_wconf 87' lang='lat' dir='ltr'><strong>Nec</strong></span> <span class='ocrx_word' id='word_1_131' title='bbox 497 3673 650 3773; x_wconf 79' lang='lat' dir='ltr'><strong>refert</strong></span> <span class='ocrx_word' id='word_1_132' title='bbox 669 3671 856 3811; x_wconf 87' lang='lat' dir='ltr'><strong>quibus</strong></span> <span class='ocrx_word' id='word_1_133' title='bbox 881 3672 1089 3807; x_wconf 83' lang='lat' dir='ltr'><strong>adsistas</strong></span> <span class='ocrx_word' id='word_1_134' title='bbox 1113 3678 1404 3815; x_wconf 87' lang='lat' dir='ltr'><strong>regionibus</strong></span> <span class='ocrx_word' id='word_1_135' title='bbox 1429 3682 1552 3817; x_wconf 87' lang='lat' dir='ltr'><strong>ejus,</strong></span> <span class='ocrx_word' id='word_1_136' title='bbox 1710 3774 1715 3781; x_wconf 82' lang='grc'><strong>,</strong></span> <span class='ocrx_word' id='word_1_137' title='bbox 1797 3766 1801 3773; x_wconf 89' lang='grc'><em>,</em></span> 
     </span>
     <span class='ocr_line' id='line_1_21' title="bbox 362 3846 1855 3990; baseline 0.006 -39"><span class='ocrx_word' id='word_1_138' title='bbox 362 3847 544 3987; x_wconf 86' lang='lat' dir='ltr'><strong>Usque</strong></span> <span class='ocrx_word' id='word_1_139' title='bbox 564 3846 689 3946; x_wconf 86' lang='lat' dir='ltr'><strong>adeo</strong></span> <span class='ocrx_word' id='word_1_140' title='bbox 712 3885 865 3985; x_wconf 90' lang='lat' dir='ltr'><strong>quem</strong></span> <span class='ocrx_word' id='word_1_141' title='bbox 893 3850 1111 3986; x_wconf 76' lang='lat' dir='ltr'><strong>quisque</strong></span> <span class='ocrx_word' id='word_1_142' title='bbox 1129 3852 1298 3951; x_wconf 84' lang='lat' dir='ltr'><strong>locum</strong></span> <span class='ocrx_word' id='word_1_143' title='bbox 1317 3855 1544 3990; x_wconf 78' lang='lat' dir='ltr'><strong>possidit,</strong></span> <span class='ocrx_word' id='word_1_144' title='bbox 1566 3857 1619 3957; x_wconf 94' lang='lat' dir='ltr'><strong>in</strong></span> <span class='ocrx_word' id='word_1_145' title='bbox 1644 3859 1855 3963; x_wconf 73' lang='lat' dir='ltr'><strong>omneis:</strong></span> 
     </span>
     <span class='ocr_line' id='line_1_22' title="bbox 360 4020 1842 4166; baseline 0.004 -43"><span class='ocrx_word' id='word_1_146' title='bbox 360 4020 685 4123; x_wconf 86' lang='lat' dir='ltr'><strong>Tantundem</strong></span> <span class='ocrx_word' id='word_1_147' title='bbox 703 4022 890 4157; x_wconf 86' lang='lat' dir='ltr'><strong>parteis</strong></span> <span class='ocrx_word' id='word_1_148' title='bbox 906 4021 1162 4123; x_wconf 84' lang='lat' dir='ltr'><strong>infinitum</strong></span> <span class='ocrx_word' id='word_1_149' title='bbox 1190 4021 1357 4125; x_wconf 87' lang='lat' dir='ltr'><strong>Omne</strong></span> <span class='ocrx_word' id='word_1_150' title='bbox 1383 4028 1668 4166; x_wconf 52' lang='lat' dir='ltr'><strong>relinquit(</strong></span> <span class='ocrx_word' id='word_1_151' title='bbox 1768 4022 1773 4031; x_wconf 40' lang='lat'><strong>¹</strong></span> <span class='ocrx_word' id='word_1_152' title='bbox 1837 4052 1842 4063; x_wconf 86' lang='lat'>&#39;</span> 
     </span>
     <span class='ocr_line' id='line_1_23' title="bbox 435 4191 1633 4329; baseline 0.008 -36"><span class='ocrx_word' id='word_1_153' title='bbox 435 4191 700 4312; x_wconf 74' lang='lat' dir='ltr'><strong>Praeterea,</strong></span> <span class='ocrx_word' id='word_1_154' title='bbox 727 4194 796 4301; x_wconf 84' lang='lat' dir='ltr'><strong>sie</strong></span> <span class='ocrx_word' id='word_1_155' title='bbox 813 4192 920 4329; x_wconf 85' lang='lat' dir='ltr'><strong>jam</strong></span> <span class='ocrx_word' id='word_1_156' title='bbox 944 4194 1146 4295; x_wconf 90' lang='lat' dir='ltr'><strong>finitum</strong></span> <span class='ocrx_word' id='word_1_157' title='bbox 1171 4201 1508 4301; x_wconf 76' lang='lat' dir='ltr'><strong>constituatur</strong></span> <span class='ocrx_word' id='word_1_158' title='bbox 1628 4214 1633 4222; x_wconf 83' lang='grc'><strong>’</strong></span> 
     </span>
     <span class='ocr_line' id='line_1_24' title="bbox 365 4366 1769 4509; baseline 0.007 -37"><span class='ocrx_word' id='word_1_159' title='bbox 365 4368 533 4472; x_wconf 90' lang='lat' dir='ltr'><strong>Omne</strong></span> <span class='ocrx_word' id='word_1_160' title='bbox 560 4366 696 4505; x_wconf 89' lang='lat' dir='ltr'><strong>qnod</strong></span> <span class='ocrx_word' id='word_1_161' title='bbox 725 4389 801 4467; x_wconf 87' lang='lat' dir='ltr'><strong>est</strong></span> <span class='ocrx_word' id='word_1_162' title='bbox 826 4368 1060 4503; x_wconf 87' lang='lat' dir='ltr'><strong>spatium,</strong></span> <span class='ocrx_word' id='word_1_163' title='bbox 1089 4371 1127 4469; x_wconf 89' lang='lat' dir='ltr'><strong>si</strong></span> <span class='ocrx_word' id='word_1_164' title='bbox 1149 4373 1262 4507; x_wconf 86' lang='lat' dir='ltr'><strong>quis</strong></span> <span class='ocrx_word' id='word_1_165' title='bbox 1285 4398 1552 4509; x_wconf 85' lang='lat' dir='ltr'><strong>procurrat</strong></span> <span class='ocrx_word' id='word_1_166' title='bbox 1569 4376 1634 4475; x_wconf 80' lang='lat' dir='ltr'><strong>ad</strong></span> <span class='ocrx_word' id='word_1_167' title='bbox 1656 4414 1769 4478; x_wconf 80' lang='lat' dir='ltr'>oras</span> 
     </span>
     <span class='ocr_line' id='line_1_25' title="bbox 362 4543 1586 4681; baseline 0.002 -36"><span class='ocrx_word' id='word_1_168' title='bbox 362 4543 588 4645; x_wconf 84' lang='lat' dir='ltr'><strong>Ultimus</strong></span> <span class='ocrx_word' id='word_1_169' title='bbox 613 4565 878 4661; x_wconf 82' lang='lat' dir='ltr'><strong>extremas,</strong></span> <span class='ocrx_word' id='word_1_170' title='bbox 897 4543 1159 4681; x_wconf 80' lang='lat' dir='ltr'><strong>jaciatque</strong></span> <span class='ocrx_word' id='word_1_171' title='bbox 1182 4546 1385 4647; x_wconf 84' lang='lat' dir='ltr'><strong>volatile</strong></span> <span class='ocrx_word' id='word_1_172' title='bbox 1410 4547 1586 4670; x_wconf 86' lang='lat' dir='ltr'><strong>telum,</strong></span> 
     </span>
     <span class='ocr_line' id='line_1_26' title="bbox 363 4711 1620 4820; baseline 0.002 -2"><span class='ocrx_word' id='word_1_173' title='bbox 363 4717 421 4819; x_wconf 91' lang='lat' dir='ltr'><strong>Id</strong></span> <span class='ocrx_word' id='word_1_174' title='bbox 451 4717 627 4817; x_wconf 68' lang='lat' dir='ltr'>‘validis</span> <span class='ocrx_word' id='word_1_175' title='bbox 650 4738 820 4815; x_wconf 85' lang='lat' dir='ltr'><strong>utrum</strong></span> <span class='ocrx_word' id='word_1_176' title='bbox 849 4738 1134 4817; x_wconf 82' lang='lat' dir='ltr'><strong>contortum</strong></span> <span class='ocrx_word' id='word_1_177' title='bbox 1160 4717 1348 4819; x_wconf 86' lang='lat' dir='ltr'><strong>viribus</strong></span> <span class='ocrx_word' id='word_1_178' title='bbox 1373 4721 1446 4820; x_wconf 90' lang='lat' dir='ltr'><strong>ire</strong></span> <span class='ocrx_word' id='word_1_179' title='bbox 1618 4711 1620 4714; x_wconf 31' lang='lat'>⁵</span> 
     </span>
     <span class='ocr_line' id='line_1_27' title="bbox 358 4889 1570 5031; baseline 0 -40"><span class='ocrx_word' id='word_1_180' title='bbox 358 4889 483 5011; x_wconf 77' lang='lat' dir='ltr'><strong>Quo</strong></span> <span class='ocrx_word' id='word_1_181' title='bbox 502 4890 656 4994; x_wconf 83' lang='lat' dir='ltr'><strong>fuerit</strong></span> <span class='ocrx_word' id='word_1_182' title='bbox 679 4889 885 4989; x_wconf 85' lang='lat' dir='ltr'><strong>missum</strong></span> <span class='ocrx_word' id='word_1_183' title='bbox 911 4890 1081 5012; x_wconf 74' lang='lat' dir='ltr'><strong>maviS,</strong></span> <span class='ocrx_word' id='word_1_184' title='bbox 1103 4891 1358 5031; x_wconf 86' lang='lat' dir='ltr'><strong>longeque</strong></span> <span class='ocrx_word' id='word_1_185' title='bbox 1384 4893 1570 5014; x_wconf 80' lang='lat' dir='ltr'><strong>volare,</strong></span> 
     </span>
    </p>
   </div>
   <div class='ocr_carea' id='block_1_3' title="bbox 0 0 2220 5984">
    <p class='ocr_par' dir='ltr' id='par_1_3' title="bbox 0 0 2220 5984">
     <span class='ocr_line' id='line_1_28' title="bbox 0 0 2220 5984; baseline 0 4"><span class='ocrx_word' id='word_1_186' title='bbox 0 0 2220 5984; x_wconf 95' lang='lat' dir='ltr'><strong> </strong></span> 
     </span>
    </p>
   </div>
  </div>
 </body>
</html>
