4432 5984
370 350 478 516 aaa
708 411 768 502 r.
837 382 1267 499 nuoanrrr
1334 400 1545 499 cam

378 671 623 812 Corpora,
648 691 951 811 paupertate
976 690 1030 768 et
1055 665 1231 768 morbo
1256 666 1430 769 dedita
1454 668 1620 770 morti.
1774 652 1782 664 ’

376 845 640 959 Exanimis
665 845 837 985 pueris
862 881 1016 982 super
1040 841 1329 942 exanimata
1351 864 1623 980 parentum
1898 838 1901 845 ’

351 1124 357 1145 ,
379 1020 608 1162 Corpora
631 1058 1001 1160 nonnunquam
1026 1005 1215 1156 posses,
1241 1039 1480 1155 retroque
1503 1015 1675 1117 videre

218 1177 224 1189 .
378 1194 652 1319 MatribuS,
682 1182 734 1298 et·
756 1196 986 1337 patribus
1012 1184 1158 1296 natos
1183 1230 1337 1330 super
1362 1191 1513 1294 edere
1538 1193 1709 1333 vitam.

449 1371 503 1477 N
507 1415 564 1477 eo
589 1376 854 1477 minimum
880 1336 1067 1513 partim
1094 1414 1158 1474 ex
1183 1376 1316 1512 agris
1342 1375 1550 1514 aegrotis
1575 1375 1628 1474 in
1656 1371 1831 1475 urbem

380 1546 664 1671 Confluxit,
688 1551 940 1687 languens
967 1588 1122 1689 quern
1147 1550 1364 1650 contulit
1390 1547 1725 1688 agricolarum

379 1718 560 1860 Copia,
587 1725 890 1826 conveniens
916 1764 981 1825 ex
1006 1724 1141 1825 omni
1169 1721 1402 1824 morbida
1426 1723 1576 1862 parti.

375 1894 570 2046 Omnia
588 1897 912 2036 complebant
929 1901 1039 2002 loca
1063 1922 1317 2040 tectaque,
1346 1940 1449 2039 quo
1474 1901 1636 2038 magis
1662 1919 1790 1998 aestu

278 2213 282 2221 ι
379 2069 650 2175 Confectos
674 2073 745 2173 ita
770 2076 1038 2175 acervatim
1063 2112 1197 2174 mors
1223 2070 1598 2176 adcumulabat.

377 2244 553 2350 Multa
577 2250 659 2352 siti
683 2226 936 2387 prostrata
960 2251 1089 2352 viam
1119 2286 1226 2385 per,
1253 2284 1452 2386 proque
1477 2247 1651 2350 voluta
1728 2382 1729 2386 Ν

379 2415 609 2563 Corpora
634 2424 816 2524 silanos
842 2424 905 2524 ad
933 2462 1182 2563 aquarum
1208 2446 1364 2524 strata
1380 2422 1637 2560 jacebant,

359 2596 660 2700 ·Interclusa
685 2601 852 2700 anima
877 2602 1031 2702 nimia
1056 2597 1122 2700 ab
1148 2598 1416 2699 dulcedine
1444 2607 1613 2738 aquai.

377 2771 653 2915 Multaque
679 2812 773 2914 per
794 2776 976 2913 populi
1000 2777 1186 2913 passim
1212 2776 1321 2877 loca
1347 2800 1586 2915 prompta
1612 2772 1825 2918 viasque

275 2965 285 2981 “
378 2947 649 3089 Languida
673 2951 966 3050 semianimo
994 2973 1104 3049 tum
1131 2989 1340 3089 corpore
1367 2951 1594 3053 membra
1617 2954 1829 3074 videreS,

377 3122 604 3225 Horrida
628 3123 852 3264 paedore,
880 3147 931 3223 et
956 3127 1139 3261 pannis
1164 3150 1403 3264 cooperta
1428 3131 1594 3265 perire

380 3297 620 3438 Corporis
645 3299 864 3401 inluvie:
903 3299 1051 3436 pellis
1077 3338 1230 3438 super
1256 3301 1457 3403 ossibus
1483 3343 1602 3425 una,

376 3470 650 3575 Ulceribus
676 3476 817 3574 tetris
842 3510 1004 3610 prope
1021 3473 1146 3609 jam,
1174 3477 1414 3616 cordique
1442 3481 1656 3616 sepulta.

449 3646 639 3748 Omnia
664 3648 886 3786 denique
915 3668 1085 3747 sancta
1110 3647 1264 3748 dedm
1291 3650 1506 3752 delubra
1531 3654 1751 3791 replerat

379 3820 694 3962 Corporibus
720 3860 853 3922 mors
880 3824 1141 3944 exanimis,
1169 3848 1481 3966 onerataque
1506 3831 1691 3966 passim

379 3996 579 4098 Cuncta
605 3995 932 4098 cadaveribus
958 3998 1214 4101 coelestum
1240 4005 1432 4140 templa
1457 3968 1762 4111 manebant:

378 4171 429 4272 H
437 4170 687 4311 ospitibus
712 4173 825 4271 loca
850 4209 968 4310 quae
994 4175 1308 4312 complerant
1333 4178 1649 4283 aedituentes.

369 4344 494 4448 ‘Nec
513 4348 619 4487 jam
649 4348 848 4486 relligio
867 4348 1056 4469 divum,
1073 4386 1167 4451 nec
1187 4354 1397 4454 numina
1421 4357 1593 4494 magni

377 4517 769 4624 Pendebantur:
809 4523 943 4622 enim
969 4559 1192 4659 praesens
1219 4527 1364 4628 dolor
1388 4530 1743 4667 exsuperabat.

449 4693 501 4795 N
507 4714 563 4797 ec
588 4732 695 4797 mos
720 4698 806 4798 ille
832 4698 1109 4836 sepulturae
1134 4701 1427 4804 remanebat
1451 4708 1502 4806 in
1531 4705 1674 4828 urbe,

377 4868 454 4975 Ut
479 4872 620 5007 prius
646 4870 727 4972 hic
753 4875 975 5011 populus
1002 4881 1493 5014 semper'consudrat
1517 4879 1746 4986 humari:

377 5042 710 5146 Perturbatus
736 5049 872 5149 enirn
895 5070 1032 5152 totus
1057 5051 1364 5195 trepidabat,
1392 5076 1444 5154 et
1468 5092 1601 5157 unus
