4432 5984
359 326 429 431 98
727 331 787 422 Τ.
839 323 1276 423 LUCRETII
1340 320 1559 416 CARI

364 584 582 690 Laetitiae
610 610 791 710 motus,
819 610 872 690 et
894 624 1039 691 curas
1063 582 1229 687 cordis
1252 582 1462 685 inaneis.

432 761 592 865 Nune
617 765 836 865 animam
869 800 1077 903 quoque
1113 758 1251 861 utin
1276 756 1515 859 membris
1550 786 1904 895 cognoscere

505 976 667 1076 possis

367 1112 511 1233 Esse,
538 1150 710 1251 neque
737 1110 1052 1213 harmoniam
1077 1148 1260 1249 corpus
1285 1111 1504 1211 retinere
1529 1108 1731 1211 solere:

365 1286 626 1424 Principio
651 1287 726 1407 fit,
752 1289 829 1387 uti
854 1287 1079 1386 detracto
1104 1322 1313 1422 corpore
1339 1286 1516 1406 multo,

365 1461 514 1599 Saepe
540 1483 710 1562 tamen
736 1461 883 1562 nobis
907 1461 960 1560 in
987 1456 1226 1559 membris
1252 1458 1354 1559 vita
1377 1476 1633 1559 moretur:

356 1612 540 1773 -Atque
567 1635 745 1735 eadem
769 1673 942 1737 rursus
968 1671 1126 1774 quom
1153 1670 1366 1771 corpora
1389 1668 1552 1770 pauca
1573 1629 1768 1732 caloris

372 1809 659 1948 Diffugere,
686 1810 923 1949 forasque
948 1847 1041 1949 per
1065 1846 1120 1909 os
1145 1829 1221 1907 est
1245 1806 1411 1906 editus
1435 1808 1537 1925 aer,

366 1983 578 2085 Deserit
602 1986 861 2122 extemplo
886 2022 1054 2104 venae,
1075 2006 1232 2122 atque
1250 2018 1361 2081 ossa
1384 1981 1659 2120 relinquit:

367 2155 599 2258 Noscere
624 2180 684 2256 ut
708 2156 828 2258 hino
852 2159 1030 2296 possis,
1056 2196 1157 2257 non
1186 2193 1359 2296 aequas
1382 2155 1553 2255 omnia
1575 2153 1778 2292 parteis

369 2328 603 2469 Corpora
627 2328 834 2450 habere,
862 2369 1032 2469 neque
1059 2369 1123 2429 ex
1148 2370 1298 2470 aequo
1324 2330 1501 2432 fulcire
1528 2329 1782 2453 salutem3

369 2502 472 2604 Sed
497 2505 659 2642 magis
682 2502 809 2624 haec,
835 2505 975 2605 venti
1002 2540 1120 2643 quae
1146 2526 1280 2625 sunt,
1306 2504 1562 2643 calidique
1585 2506 1798 2641 vaporis

366 2678 588 2800 Semina,
616 2716 791 2779 curare
817 2681 870 2778 in
895 2676 1135 2778 membris
1160 2701 1220 2779 ut
1242 2678 1345 2778 vita
1368 2702 1610 2781 moretur.

368 2853 463 2956 Est
487 2855 647 2992 igitur
671 2854 822 2973 calor,
851 2892 908 2955 ac
932 2876 1113 2953 ventus
1136 2853 1301 2953 vitalis
1325 2854 1379 2953 in
1404 2854 1515 2991 ipso

370 3026 614 3166 Corpore,
643 3029 734 3166 qui
760 3027 907 3130 nobis
931 3026 1261 3130 moribundos
1287 3029 1472 3128 deserit
1495 3050 1650 3131 artua.

409 3232 416 3241 '
440 3200 789 3341 Quapropter,
812 3205 1052 3343 quoniam
1078 3223 1154 3303 est
1177 3203 1331 3302 animi
1352 3225 1533 3303 natura
1555 3226 1781 3342 reperta,

368 3376 541 3515 Atque
568 3379 766 3499 animae,
793 3380 936 3517 quasi
964 3418 1081 3517 pars
1105 3377 1355 3480 hominis:
1397 3379 1553 3479 redde
1580 3377 1888 3492 harmoniai

373 3548 597 3671 Nomen,
624 3550 689 3651 ab
715 3555 952 3691 organico
978 3555 1109 3654 saltu
1135 3553 1378 3674 delatum,
1399 3552 1652 3675 Heliconi,

374 3724 489 3825 Sive
515 3727 720 3826 aliunde
747 3729 843 3864 ipsi
869 3766 1021 3866 porro
1047 3752 1263 3844 traxere,
1292 3750 1344 3827 et
1367 3728 1420 3827 in
1446 3728 1585 3828 illam

370 3896 779 4022 Transtulerunt,
814 3908 1021 4043 proprio
1047 3944 1165 4043 quae
1190 3926 1299 4002 tum
1325 3940 1404 4002 res
1428 3902 1633 4003 nomine
1657 3900 1878 4041 egebat,

376 4074 646 4214 Quidquid
675 4078 726 4176 id
755 4100 846 4198 est,
875 4077 1123 4182 habeant:
1162 4102 1221 4181 tu
1246 4101 1429 4180 caetera
1452 4076 1660 4214 percipe
1684 4074 1847 4182 diota.
1979 4114 1990 4125 ’

444 4249 493 4350 N
501 4289 601 4351 une
616 4254 841 4352 animum
861 4276 1016 4392 atque
1035 4255 1250 4355 animam
1273 4252 1385 4352 dico
1409 4248 1678 4386 conjuncta
1694 4256 1875 4356 teneri

373 4423 516 4525 Inter
541 4462 609 4545 se,
637 4447 792 4563 atque
819 4466 973 4527 unam
1000 4451 1231 4528 naturam
1257 4424 1501 4527 conficere
1527 4460 1592 4523 ex
1616 4460 1698 4548 se:

376 4599 476 4699 Sed
503 4621 659 4737 caput
683 4636 790 4698 esse
816 4602 978 4736 quasi,
1006 4625 1058 4701 et
1083 4601 1330 4702 dominari
1357 4601 1644 4735 incorpore
1670 4618 1780 4699 toto

377 4772 674 4893 Consilium,
702 4773 843 4912 quod
871 4813 961 4874 nos
986 4776 1226 4894 animum,
1253 4796 1577 4911 mentemque
1600 4810 1883 4885 vocamus:

375 4946 543 5088 quue
569 4949 720 5049 situm
745 4947 914 5049 media
937 4951 1145 5090 regione
1168 4953 1222 5050 in
1247 4950 1465 5090 pectoris
1489 4946 1664 5049 haeret.
