4432 5984
733 420 1008 516 LIBER
1072 420 1480 525 QUINTUS·
1764 422 1861 514 sol

444 680 710 803 Praeterea,
738 718 1060 822 quaecunque
1086 702 1292 782 manent
1317 702 1520 792 aeterna,
1546 717 1745 781 necesse
1771 708 1862 805 cst,

371 853 480 955 Aut
504 858 626 995 quia
649 881 769 958 sunt
793 855 952 958 solido
979 894 1091 957 cum
1120 892 1346 992 corpore,
1375 864 1612 993 respuere
1638 858 1785 975 ictus,

373 1027 487 1131 Nec
512 1055 776 1168 penetrare
803 1034 908 1169 pati
935 1031 1027 1132 sihi
1050 1030 1351 1170 quidquam,
1370 1029 1504 1168 quod
1529 1053 1685 1168 queat
1702 1057 1862 1135 arctas

372 1200 655 1307 Dissociare
681 1208 817 1308 intus
842 1208 1044 1344 parteis,
1071 1228 1129 1305 nt
1153 1206 1379 1304 materiai

372 1375 599 1517 Corpora
623 1405 757 1503 sunt,
776 1420 1004 1521 quorum
1030 1403 1262 1480 naturam
1287 1374 1597 1477 ostendimus
1623 1400 1769 1480 ante:
1852 1370 1855 1377 ¹

367 1551 476 1653 Aut
500 1553 613 1655 ideo
640 1556 822 1657 durare
847 1578 1048 1657 aetatem
1076 1591 1220 1692 posse
1245 1587 1580 1690 peromnem,

369 1721 651 1863 Plagarum‘
667 1730 789 1866 quia
813 1751 933 1830 sunt
957 1730 1201 1867 expertia,
1229 1727 1358 1826 sicut
1382 1726 1530 1825 inane
1557 1745 1648 1842 est,

368 1895 523 2018 Quod
546 1925 714 2001 manet
732 1902 993 2022 intactum,
1014 1940 1182 2040 neque
1202 1899 1266 2001 ab
1286 1901 1388 1999 ictu
1409 1897 1642 2036 fungitur
1663 1895 1819 1999 hilum
1842 1937 1854 2000 ι

366 2074 472 2172 Aut
499 2075 667 2195 etiam,
695 2075 817 2212 quia
841 2075 983 2175 nulla
1005 2075 1103 2175 loci
1129 2075 1193 2175 sit
1217 2075 1364 2210 copia
1388 2074 1593 2192 circum,

368 2243 486 2365 Quo
512 2249 657 2385 quasi
682 2286 761 2347 res
786 2248 980 2384 possint
1004 2248 1279 2369 discedere,
1307 2247 1644 2386 dissolvique;

366 2418 511 2521 Sicut
535 2458 843 2521 summarum
869 2459 1066 2522 summa
1090 2446 1166 2523 est
1189 2446 1395 2542 aeterna,
1415 2427 1589 2560 'neque
1615 2445 1761 2523 extra

366 2592 495 2714 Quis
511 2595 649 2695 locus
668 2618 743 2696 est
762 2632 866 2735 quo
892 2595 1162 2722 dissiliant3
1189 2635 1355 2734 neque
1371 2633 1581 2733 corpora
1599 2618 1719 2729 sunt
1737 2632 1854 2735 quae

366 2767 566 2870 Possint
590 2772 827 2911 incidere,
855 2793 907 2870 et
924 2771 1091 2872 valida
1114 2770 1382 2871 dissolvere
1406 2770 1575 2908 plaga.
1790 2732 1802 2751 ι

363 2945 435 3045 At
460 2985 627 3085 neque
653 2948 755 3082 (uti
781 2945 956 3079 docui)
981 2946 1142 3046 solido
1167 2982 1282 3045 cum
1308 2943 1713 3081 corpore.mundi

365 3116 567 3219 Natura
591 3142 682 3240 est,
711 3121 950 3257 quoniam
977 3120 1249 3222 admistum
1274 3120 1426 3219 estin
1452 3117 1603 3220 rebus
1628 3120 1807 3221 inane:

365 3288 478 3392 Nec
494 3315 661 3391 tamen
677 3315 754 3392 est
768 3315 827 3392 ut
841 3282 991 3394 inane
1008 3329 1019 3392 :
1048 3332 1216 3435 neque
1236 3314 1404 3394 autem
1422 3329 1633 3432 corpora
1648 3291 1849 3412 desunt,

363 3464 445 3565 Ex
471 3466 669 3565 infinito
694 3505 813 3604 quae
837 3467 1033 3605 possint
1056 3468 1186 3569 forte
1211 3491 1381 3570 coorta

363 3637 612 3739 Proruere
637 3636 767 3739 hanc
792 3677 962 3741 rerum
986 3644 1206 3744 violento
1231 3643 1436 3744 turbine
1462 3678 1724 3761 summam,

359 3813 469 3914 Aut
492 3814 641 3913 aliam
667 3815 896 3951 quamvis
920 3814 1114 3917 cladem
1140 3819 1410 3957 importare
1439 3815 1637 3952 perlcli:

363 3984 477 4086 Nec
501 4023 651 4122 porro
676 4006 856 4086 natura
879 3988 993 4108 loci,
1021 3992 1344 4131 spatiumque
1363 3988 1602 4129 profundi

360 4157 566 4279 Deficit,
594 4161 829 4297 exspargi
856 4201 960 4301 quo
985 4167 1185 4301 possint
1209 4164 1391 4264 moenia
1415 4162 1612 4282 mundi,

356 4335 466 4436 Aut
489 4335 587 4435 alia
612 4336 789 4473 quavis
815 4336 1006 4471 possint
1028 4337 1076 4436 vi
1103 4337 1251 4473 pulsa
1275 4336 1455 4474 perire.

360 4509 514 4610 Haud
542 4510 700 4644 igitur
724 4507 849 4609 lethi
875 4510 1119 4646 praeclusa
1143 4533 1219 4610 cst
1235 4510 1396 4648 janua
1420 4509 1560 4628 ooelo,
1711 4530 1723 4553 ⁰

359 4681 410 4783 N
416 4722 473 4784 ec
498 4683 607 4801 soli,
634 4704 902 4820 terraeque,
928 4722 1021 4785 nec
1046 4683 1160 4783 altis
1185 4682 1406 4822 aequoris
1431 4681 1609 4781 undis:

356 4858 457 4958 Sed
486 4881 627 4995 patet
651 4859 857 4957 immani
883 4878 937 4956 et
961 4878 1099 4957 vasto
1124 4878 1374 4993 respectat
1398 4852 1556 4955 hiatu.

428 5030 601 5152 Quare
627 5033 779 5131 ctiam
804 5030 975 5131 nativa
999 5066 1257 5130 necessum
1282 5051 1359 5130 est
1382 5028 1652 5131 confiteare

1079 5207 1098 5256 ί
1108 5213 1130 5255 D
