4432 5984
374 392 473 497 156
695 408 755 497 Τ.
821 388 1241 497 LUCRETII
1307 406 1517 499 CARI

372 663 512 767 Nam
535 664 723 802 majore
742 664 844 764 fide
870 660 1025 763 debet
1047 664 1315 801 reperirier
1339 664 1487 789 illud,

374 836 567 976 Sponte
593 874 683 937 sna
706 839 837 939 veris
862 837 999 976 quod
1027 840 1184 975 possit
1208 838 1408 938 vincere
1433 838 1572 939 falsa.

373 1010 517 1133 Quid
542 1011 731 1150 majore
756 1011 858 1111 fide
882 1049 1051 1149 porro,
1080 1050 1231 1150 quam
1260 1050 1434 1114 sensus
1459 1012 1634 1115 baberi

372 1183 576 1287 Debet?
614 1225 676 1288 an
704 1184 768 1287 ab
794 1224 942 1287 sensu
968 1186 1094 1287 falso
1119 1188 1246 1286 ratio
1271 1209 1382 1288 orta
1405 1186 1595 1289 valebit

372 1358 558 1463 Dicere
584 1398 669 1461 eos
694 1384 884 1481 contra,
911 1397 1030 1499 quae
1055 1382 1162 1461 tota
1185 1358 1249 1460 ab
1276 1360 1505 1463 sensibus
1529 1384 1641 1463 orta
1665 1364 1789 1465 est?

373 1534 477 1657 Qui
503 1537 599 1637 nisi
625 1538 726 1635 sint
749 1537 870 1654 veri,
897 1536 1025 1635 ratio
1051 1572 1261 1674 quoque
1286 1533 1412 1635 falsa
1435 1534 1496 1636 lit
1518 1536 1699 1637 omnis.

369 1710 450 1811 An
478 1732 722 1849 poterunt
745 1709 917 1809 oculos
942 1746 1088 1808 aures
1113 1706 1517 1848 reprehendere?
1553 1749 1616 1811 an
1642 1714 1849 1815 aureis·

368 1882 588 1986 Tactus?
627 1922 689 1983 an
716 1881 853 1983 hunc
878 1919 1030 2020 porro
1054 1904 1247 1983 tactum
1273 1918 1421 2022 sapor
1445 1908 1627 2023 arguet
1650 1884 1793 1987 orisl

369 2060 451 2161 An
479 2056 820 2162 confutabunt
844 2093 1005 2175 nares,
1032 2058 1228 2157 oculive
1254 2057 1544 2160 revincent?

370 2232 492 2335 Non
504 2238 590 2371 (ut
605 2232 811 2371 opinor)
823 2231 890 2329 ita
906 2253 1003 2353 est3
1025 2268 1142 2330 nam
1158 2268 1382 2331 seorsum
1397 2233 1624 2371 quoique
1643 2254 1881 2373 potestas

370 2403 546 2507 Divisa
571 2429 675 2506 est:
716 2442 805 2505 sua
828 2407 902 2506 vis
922 2408 1149 2548 quoique
1171 2429 1275 2530 est3
1314 2406 1533 2545 ideoque
1552 2446 1757 2510 neccsse
1774 2432 1875 2533 est,

368 2579 522 2703 Quod
540 2582 691 2681 molle
708 2602 796 2680 aut
811 2580 993 2680 durum
1012 2577 1625 2718 estgclidumfervensve,
1638 2618 1873 2685 seorsum

367 2751 427 2855 ld
456 2754 606 2854 molle
633 2776 721 2853 aut
746 2752 949 2872 durum,
976 2752 1204 2888 gelidum
1230 2752 1487 2853 fervensve
1512 2754 1673 2855 videri
1688 2796 1705 2881 ;

366 2926 435 3029 Et
460 2967 682 3028 seorsum
708 2928 870 3028 varios
895 2966 1064 3028 rerum
1092 2927 1276 3028 sentire
1302 2928 1509 3049 eoloreS,

366 3100 435 3202 Et
459 3139 784 3242 quaecunque
810 3100 1061 3202 coloribus
1087 3123 1205 3202 sunt
1229 3101 1514 3239 conjuncta,
1540 3140 1744 3205 necesse
1768 3128 1866 3209 est.

366 3276 575 3377 Seorsus
601 3278 722 3377 item
749 3313 898 3414 sapor
922 3274 1022 3376 oris
1048 3272 1203 3375 habet
1227 3276 1345 3395 vim,
1373 3312 1569 3377 seorsus
1596 3276 1785 3381 odores

365 3448 679 3571 Nascuntur,
706 3488 930 3551 seorsum
957 3452 1179 3550 sonitus:
1220 3448 1439 3589 ideoque
1465 3488 1666 3552 necesse
1691 3474 1788 3575 est,

366 3623 491 3766 Non
514 3628 709 3765 possint
733 3625 856 3725 alios
882 3622 962 3724 alii
992 3624 1288 3724 convincere
1307 3660 1495 3724 sensus.

366 3797 480 3901 Neo
504 3838 657 3938 porro
681 3821 925 3937 poterunt
948 3800 1042 3936 ipsi
1068 3798 1373 3937 reprendere
1398 3836 1534 3920 sese;

363 3973 539 4115 AEqua
563 3973 690 4075 fides
717 3973 958 4114 quoniam
984 3970 1193 4073 debebit
1218 4010 1416 4111 semper
1440 3968 1633 4075 haberi.
1674 4036 1677 4041 -

364 4144 604 4269 Proinde,
644 4147 783 4287 quod
824 4151 875 4248 in
921 4185 1131 4288 quoque
1170 4167 1246 4246 cst
1288 4144 1366 4247 bis
1407 4149 1570 4250 visum
1612 4171 1865 4289 tempore,

501 4361 676 4426 verum
703 4348 795 4426 est.

440 4494 517 4621 Et,
544 4499 584 4598 si
612 4535 713 4598 non
738 4500 929 4635 poterit
953 4500 1080 4598 ratio
1106 4498 1375 4599 dissolvere
1401 4534 1620 4620 oausam,

365 4668 479 4785 Cur
496 4711 571 4792 ea,
599 4709 715 4810 quae
741 4671 932 4771 fuerint
948 4671 1140 4809 juxtim
1168 4672 1433 4811 quadrata,
1459 4670 1638 4809 procul
1663 4669 1768 4773 sint

359 4844 484 4947 Visa
507 4845 726 4945 rotunda
739 4887 753 4970 3
791 4868 961 4945 tamen
986 4870 1194 4983 praestat
1218 4846 1424 4947 rationis
1451 4867 1687 4982 egentem

359 5016 596 5122 Reddere
620 5018 860 5124 mendose
886 5056 1059 5120 causas
1084 5020 1352 5160 utriusque
1377 5018 1577 5159 figurae,
