4432 5984
373 245 441 345 aa
697 256 756 344 r.
795 254 1250 350 ,uucnu'rn
1312 214 1522 350 cant

360 511 498 616 Nam
527 551 696 653 neque
722 513 912 617 conlidi
937 515 1045 614 sine
1072 514 1211 614 inani
1235 555 1383 655 posse
1411 518 1612 620 videtur

291 786 294 791 .
362 687 681 827 Quidquam,
709 724 803 789 nec
828 687 1012 826 frangi,
1040 727 1134 788 nec
1160 689 1287 791 findi
1313 692 1363 790 in
1390 691 1513 793 bina
1536 694 1754 795 secando
1764 737 1778 817 ;

260 1004 263 1011 4
361 862 477 968 Nec
503 902 683 1002 capere
711 861 993 982 humorem,
1021 901 1190 1000 neque
1215 865 1337 966 item
1365 838 1615 969 manabile
1641 867 1827 1005 frigus,

362 1036 478 1141 Nec
502 1038 816 1177 penetralem
843 1038 1030 1174 ignem,
1052 1036 1249 1175 ’quibus
1273 1041 1441 1140 omnia
1464 1041 1824 1144 conficiuntur.

362 1211 432 1315 Et
457 1251 612 1354 quam
638 1249 863 1353 quaeque
890 1212 1051 1348 magis
1076 1210 1282 1313 cohibet
1306 1253 1384 1315 res
1413 1217 1548 1316 intus
1574 1219 1739 1338 inane,

360 1384 488 1487 Tam
515 1387 674 1525 magis
700 1384 778 1485 his
803 1383 955 1485 rebus
980 1386 1187 1521 penitus
1213 1409 1408 1488 tentata
1431 1389 1655 1493 labascit.

364 1558 519 1700 Ergo
548 1564 588 1661 si
614 1559 789 1680 solida,
816 1598 873 1659 ac
899 1559 1005 1658 sine
1030 1560 1169 1659 inani
1194 1597 1406 1698 corpora
1429 1566 1593 1701 prima

363 1737 513 1856 Sunt,
534 1739 606 1836 ita
632 1736 706 1836 uti
733 1734 900 1852 docui,
928 1735 1030 1832 sint
1055 1731 1165 1835 haec
1191 1710 1382 1838 aeterua
1406 1778 1609 1842 necesse
1637 1765 1727 1842 est.

434 1910 706 2031 Praeterea,
732 1912 828 2011 nisi
854 1912 1086 2011 materies
1112 1932 1304 2011 aeterna
1328 1911 1521 2032 fuisset,

362 2086 595 2190 Antehac
621 2086 683 2186 ad
712 2084 925 2186 nihilum
952 2087 1158 2224 penitus
1183 2123 1263 2186 res
1289 2124 1512 2226 quaeque
1539 2087 1803 2209 redissent,

363 2258 447 2364 De
474 2261 737 2401 nihiloque
763 2283 939 2361 renata
963 2261 1132 2361 forent
1157 2296 1482 2397 quaecunque
1509 2261 1755 2367 videmus,

362 2436 434 2538 At
459 2439 701 2577 quoniam
727 2472 912 2572 supera
937 2435 1087 2536 docui
1112 2433 1183 2532 nil
1210 2469 1355 2569 posse
1382 2436 1539 2533 creari

364 2610 448 2713 De
475 2609 652 2732 nihilo,
680 2649 849 2749 neque
876 2609 1016 2748 quod
1042 2608 1274 2746 genitum
1300 2631 1375 2707 est
1399 2607 1463 2708 ad
1490 2612 1560 2710 nil
1586 2613 1805 2712 revocari
1820 2654 1836 2735 ;

364 2783 487 2886 Esse
508 2784 777 2884 immortali
803 2783 1081 2920 primordia
1106 2817 1315 2917 corpore
1342 2780 1548 2902 debent,

364 2956 587 3059 Dissolvi
614 2996 719 3096 quo
745 2994 969 3096 quaeque
996 2992 1234 3093 supremo
1258 2977 1487 3093 tempore
1511 2959 1706 3095 possint
1721 3000 1734 3083 3

365 3131 608 3234 Materies
632 3157 693 3235 ut
717 3132 1015 3270 suppeditet
1037 3129 1190 3231 rebus
1215 3131 1525 3267 reparandis

367 3307 503 3409 Sunt
525 3309 685 3446 igitur
716 3308 875 3407 solida
898 3307 1176 3445 primordia
1200 3306 1536 3442 simplicitate,

364 3481 479 3584 Nec
504 3485 699 3582 ratione
726 3504 926 3620 queunt
952 3482 1050 3580 alia
1074 3503 1268 3582 servata
1292 3517 1386 3617 per
1410 3521 1569 3582 aevom

363 3655 445 3757 Ex
469 3656 668 3756 infinito
685 3658 793 3794 jam
817 3679 1046 3792 tempore
1071 3692 1151 3755 res
1175 3692 1425 3792 reparare.

432 3828 694 3968 Denique,
721 3831 761 3930 si
787 3830 978 3931 nullam
1003 3830 1158 3929 finem
1183 3851 1363 3929 natura
1389 3856 1614 3965 parasset

363 4003 677 4142 Frangendis
703 4002 871 4121 rebus
890 4002 998 4140 jam
1023 4039 1234 4139 corpora
1258 4005 1485 4105 materiai

361 4176 542 4318 Usque
569 4177 772 4279 redacta
796 4176 977 4294 forent,
1004 4215 1111 4277 aevo
1137 4176 1403 4314 frangente
1431 4178 1616 4312 priore,

361 4351 438 4456 Ut
461 4350 588 4453 nihil
613 4390 677 4450 ex
704 4349 801 4450 illis
827 4387 856 4448 a
880 4372 1017 4450 certo
1044 4372 1272 4486 tempore
1299 4374 1469 4488 posset

362 4522 699 4662 Conceptum,
726 4559 979 4621 summurn
1006 4525 1169 4624 aetatis
1194 4525 1469 4661 pervadere
1499 4527 1707 4631 florem:

361 4698 500 4801 Nam
526 4696 728 4837 quidvis
752 4695 900 4796 citius
927 4695 1125 4796 dissolvi
1153 4735 1298 4834 posse
1323 4698 1567 4818 videmus

362 4874 534 4995 Quam
559 4909 732 4975 rursus
757 4870 912 4970 refici.
989 4868 1321 5011 Quapropter
1345 4872 1621 5009 longadiei
