4432 5984
763 362 1034 457 LIBER
1097 363 1521 461 QUARTUS.
1783 368 1892 479 173·

392 620 600 761 Quippe
626 622 717 724 ubi
741 622 883 723 nulla
906 623 1066 725 latens
1092 627 1276 727 animai
1300 663 1418 763 pars
1442 652 1724 729 remaneret

389 795 452 897 In
477 795 730 918 membris,
757 799 924 899 cinere
949 821 1008 898 ut
1032 799 1191 899 multa
1216 800 1338 899 latet
1362 798 1574 901 obrutus
1599 802 1747 939 ignis,

387 969 542 1075 Unde
569 975 830 1075 reconflari
856 1011 1028 1074 sensus
1053 1010 1146 1110 per
1171 974 1396 1075 membra
1421 1002 1631 1115 repente

385 1144 565 1269 Possit,
591 1172 650 1249 ut
674 1186 736 1249 ex
762 1151 870 1287 igni
896 1187 1027 1250 caeco
1052 1185 1355 1284 consurgere
1382 1150 1599 1253 flamma.

455 1319 556 1421 Sed
583 1323 771 1462 quibus
797 1323 905 1425 haec
930 1323 1081 1426 rebus
1107 1326 1299 1425 novitas
1324 1325 1586 1444 confletur,
1608 1348 1660 1469 et
1684 1327 1819 1427 unde

382 1490 675 1597 Perturbari
699 1499 882 1619 anima,
908 1522 961 1600 et
983 1538 1166 1639 corpus
1190 1499 1515 1638 languescere
1543 1500 1715 1636 possit,

382 1669 700 1810 Expediam:
738 1697 794 1774 tu
819 1672 898 1775 fac
922 1712 988 1774 ne
1005 1675 1168 1775 ventis
1192 1672 1346 1773 verba
1372 1671 1693 1810 profundam.

448 1842 722 1984 Principio,
748 1869 957 1947 externa
981 1884 1164 1985 corpus
1189 1848 1252 1949 de
1278 1869 1422 1986 parte
1447 1884 1706 1948 necessum
1733 1870 1826 1971 est,

378 2017 544 2120 Acriis
570 2021 811 2159 quoniam
834 2021 1057 2121 vicinum
1081 2025 1308 2161 tangitur
1332 2021 1483 2142 auris,

376 2188 623 2313 Tundier,
649 2215 804 2332 atque
828 2193 937 2330 ejus
963 2191 1140 2295 crebro
1164 2195 1413 2333 pulsarier
1438 2197 1574 2298 ictu:

378 2361 755 2506 Proptereaque
779 2366 988 2468 sereres
1013 2404 1186 2467 omnes
1209 2390 1299 2468 aut
1323 2369 1457 2468 corio
1484 2390 1621 2489 sunt,

374 2536 485 2639 Aut
507 2541 660 2639 etiam
684 2537 903 2658 conchis,
924 2559 1014 2638 aut
1036 2538 1181 2660 callo,
1207 2562 1297 2640 aut
1321 2542 1504 2641 cortice
1529 2564 1698 2644 tectae.

375 2707 674 2812 Interiorem
698 2714 849 2813 etiam
874 2734 1072 2850 partem
1097 2709 1407 2846 spirantibus
1431 2717 1520 2813 air

372 2883 624 2987 Verberat
648 2885 730 2988 hio
754 2888 887 2988 idem
915 2922 1071 3024 quom
1096 2885 1318 3006 ducitur,
1343 2876 1499 3027 alque
1523 2890 1750 2993 reflatur.

374 3055 547 3180 Quare
565 3064 826 3202 utrimque
852 3098 993 3162 secus
1012 3098 1168 3200 quom
1187 3097 1371 3198 corpus
1388 3060 1612 3199 vapulet,
1631 3085 1684 3162 et
1704 3100 1867 3205 quom

370 3229 677 3336 Perveniant
698 3237 867 3374 plagae
889 3271 985 3372 per
1009 3270 1167 3372 parva
1188 3232 1437 3333 foramina
1460 3230 1608 3333 nobis

370 3403 611 3545 Corporis
635 3409 698 3509 ad
718 3410 908 3547 primas
930 3409 1136 3546 parteis,
1160 3408 1513 3546 elementaque
1539 3408 1723 3544 prima,

368 3577 452 3681 Fit
475 3583 621 3721 quasi
643 3582 910 3720 paullatim
933 3580 1080 3683 nobis
1104 3619 1199 3719 per
1222 3579 1449 3680 membra
1466 3582 1630 3684 ruina.

368 3751 753 3857 Conturbantur
777 3756 914 3855 enim
937 3758 1179 3893 positurae
1198 3756 1566 3893 principiorum

366 3925 624 4067 Corporis,
648 3953 804 4069 atque
828 3932 1001 4051 animi,
1027 3934 1114 4052 sic,
1141 3953 1201 4031 ut
1225 3967 1341 4067 pars
1365 3929 1487 4029 inde
1509 3932 1698 4035 animai

363 4100 628 4240 Ejiciatur,
652 4126 706 4204 et
729 4107 1004 4205 introrsum
1027 4143 1147 4244 pars
1171 4104 1346 4205 abdita
1367 4104 1544 4229 cedat3

360 4274 489 4379 Pars
510 4280 661 4378 etiam
688 4278 928 4379 distracta
949 4316 1044 4415 per
1067 4302 1223 4399 artus,
1249 4316 1354 4377 nou
1378 4302 1534 4417 queat
1556 4316 1666 4381 esse

362 4446 650 4587 conjuncta
673 4452 808 4550 inter
830 4489 900 4573 se,
926 4490 1018 4553 nec
1043 4474 1186 4553 motu
1211 4472 1391 4551 mutua
1414 4450 1597 4591 fungi3
1687 4566 1694 4577 ,

358 4620 503 4723 Inter
524 4626 660 4725 enim
684 4602 832 4763 saepit
855 4625 1025 4727 aditus
1046 4648 1245 4745 natura,
1264 4627 1506 4767 viasque:

356 4792 499 4935 Ergo
521 4834 697 4898 sensus
719 4796 828 4898 abit
851 4803 1061 4901 mutatis
1084 4800 1305 4902 motibus
1328 4802 1446 4904 alte.

355 4968 428 5075 Et
451 4972 696 5113 quoniam
719 5010 824 5074 non
848 4996 925 5075 est
949 4978 1097 5117 quasi
1120 4978 1263 5120 quod
1286 4976 1545 5079 suffulciat
1567 4998 1725 5097 artus,
