4432 5984
365 347 397 447 4
707 361 766 448 r.
832 350 1528 467 tucnnrrrcanr

365 616 435 719 Et
452 618 655 757 rapidos
680 622 884 717 tranant
908 613 1127 737 amneis;
1153 612 1225 711 ita
1242 633 1389 748 capta
1406 610 1595 749 lepore,

363 789 724 932 Illecebrisque
745 792 845 891 tuis
864 788 1026 888 omnis
1039 809 1226 899 natura
1250 787 1562 887 animantum

361 964 436 1067 Te
462 969 691 1107 sequitur
715 966 916 1103 cupide,
945 1003 1047 1103 quo
1072 999 1329 1103 quamque
1355 961 1593 1065 inducere
1618 948 1818 1100 pergis:

364 1140 607 1282 Denique
631 1181 725 1281 per
749 1143 920 1263 maria,
948 1180 1004 1242 ac
1030 1140 1260 1258 monteis,
1287 1138 1569 1278 fluviosque
1594 1138 1834 1275 rapaeeis,

335 1412 341 1421 .
367 1309 798 1452 andiferasquc
825 1313 999 1415 domos
1023 1314 1208 1433 avium,
1235 1349 1539 1451 camposque
1558 1311 1811 1428 virentem,

370 1486 626 1590 Omnibus
651 1477 900 1588 incutiens
924 1485 1170 1589 blandum
1194 1522 1288 1623 per
1311 1507 1515 1622 pectora
1541 1521 1778 1600 amorem,

370 1660 541 1764 Efficis
566 1684 625 1762 ut
649 1663 833 1800 cupide
859 1663 1138 1801 generatim
1166 1661 1313 1762 saecla
1336 1684 1638 1799 propagent.

440 1833 574 1956 Quae
600 1836 840 1975 quoniam
863 1872 1035 1949 rerum
1062 1820 1294 1937 naturam
1320 1836 1425 1941 sola
1448 1834 1721 1974 gubernas,

371 2007 485 2131 Nec
512 2011 617 2108 sine
637 2031 687 2108 te
709 2009 982 2147 quicquam
1009 2009 1117 2111 dias
1141 2011 1193 2109 in
1218 2009 1424 2109 luminis
1448 2048 1560 2109 oras

370 2183 629 2306 Exoritur,
649 2223 816 2324 neque
835 2184 893 2285 fit
908 2186 1099 2307 laetum,
1126 2224 1294 2327 neque
1313 2185 1527 2288 amabile
1553 2190 1825 2328 quicquam
1844 2230 1857 2310 ;

214 2402 217 2407 ·
367 2356 443 2459 Te
468 2363 651 2462 sociam
677 2360 855 2462 studeo
882 2360 1164 2463 scribundis
1191 2360 1414 2465 versibus
1433 2398 1554 2484 esse,

373 2532 516 2655 Quos
541 2573 637 2672 ego
664 2533 728 2637 de
755 2572 948 2636 sautu
979 2573 1206 2667 arrosa
1227 2573 1450 2676 pangere
1476 2573 1632 2635 eonor

373 2705 699 2808 Memmiadae
723 2729 894 2808 nostro
904 2748 918 2833 3
946 2720 1096 2847 quem
1123 2731 1197 2830 tu,
1225 2710 1590 2847 dea3'tempore
1613 2711 1667 2809 in
1693 2710 1830 2809 omni

376 2881 632 3027 Omnibus
658 2905 891 2983 ornatum
914 2885 1117 2986 voluisti
1143 2887 1389 2987 excellere
1414 2882 1580 2986 rebus.

376 3044 494 3182 Quo
521 3063 680 3200 magis
707 3082 951 3161 aeternum
979 3059 1045 3159 da
1069 3059 1231 3180 dictis,
1260 3061 1390 3179 diva,
1417 3060 1671 3196 leporem:

376 3234 534 3337 Effice
561 3255 619 3333 ut
643 3234 832 3337 interea
858 3230 965 3332 sera
988 3270 1209 3334 moenera
1232 3234 1429 3335 militiai

377 3407 476 3510 Per
495 3408 734 3508 mariaac
759 3429 917 3505 terras
936 3408 1126 3507 omneis
1140 3409 1316 3545 ¹sopita
1340 3410 1619 3548 quiescant.
1644 3376 1654 3399 ⁸

380 3579 517 3681 Nam
543 3604 598 3680 tu
627 3581 731 3680 sola
755 3602 898 3717 potes
923 3583 1201 3720 tranquilla
1223 3621 1348 3720 pace
1365 3584 1544 3720 jurare

381 3752 662 3875 Mortaleis,
690 3757 932 3894 quoniam
959 3752 1079 3855 belli
1099 3756 1207 3857 fera
1229 3794 1452 3859 moenera
1477 3756 1682 3861 Mavors

381 3928 705 4065 Armipotens
729 3929 877 4066 regit,
904 3929 954 4028 in
981 3931 1230 4070 gremium
1257 3932 1506 4070 qui'saepe
1531 3954 1676 4034 tuum
1702 3972 1753 4036 se

384 4099 584 4239 Rejicit,
613 4124 801 4202 aeteruo
828 4101 1089 4206 devinctus
1112 4106 1314 4205 volnere
1341 4109 1521 4207 amoris
1531 4150 1545 4232 ;

383 4275 557 4413 Atque
582 4277 654 4375 ita
678 4277 954 4413 suspiciens
975 4281 1121 4379 tereti
1148 4281 1337 4381 cervice
1361 4308 1566 4420 reposta

387 4446 554 4548 Pascit
579 4487 745 4550 amore
771 4451 941 4553 avidos
965 4452 1164 4556 inhians
1190 4457 1241 4556 in
1267 4480 1335 4582 te,
1362 4456 1473 4578 dea,
1499 4458 1664 4583 visus;

388 4618 535 4760 Eque
562 4644 651 4721 tuo
676 4625 870 4760 pendet
893 4629 1117 4764 resupini
1144 4629 1348 4765 spiritus
1375 4668 1475 4730 ore.

391 4792 545 4894 Hunc
569 4817 643 4914 tu,
666 4796 796 4917 diva,
823 4820 912 4899 tuo
936 4799 1263 4903 recubantem
1288 4810 1494 4941 corpore
1522 4827 1697 4906 saneto

395 4966 711 5071 Circumfusa
736 5010 904 5109 super,
932 4979 1124 5081 suaveis
1149 5018 1214 5099 ex
1238 5018 1323 5081 ore
1347 4980 1573 5117 loquelas
