<?xml version="1.0" encoding="UTF-8"?>
<!DOCTYPE html PUBLIC "-//W3C//DTD XHTML 1.0 Transitional//EN"
    "http://www.w3.org/TR/xhtml1/DTD/xhtml1-transitional.dtd">
<html xmlns="http://www.w3.org/1999/xhtml" xml:lang="en" lang="en">
 <head>
  <title>
</title>
<meta http-equiv="Content-Type" content="text/html;charset=utf-8" />
  <meta name='ocr-system' content='tesseract 3.04.00' />
  <meta name='ocr-capabilities' content='ocr_page ocr_carea ocr_par ocr_line ocrx_word'/>
</head>
<body>
  <div class='ocr_page' id='page_1' title='image "./tlucretiicaride01carugoog_0205.png"; bbox 0 0 4432 5984; ppageno 0'>
   <div class='ocr_carea' id='block_1_1' title="bbox 375 319 1541 423">
    <p class='ocr_par' dir='ltr' id='par_1_1' title="bbox 375 319 1541 423">
     <span class='ocr_line' id='line_1_1' title="bbox 375 319 1541 423; baseline 0.001 -3"><span class='ocrx_word' id='word_1_1' title='bbox 375 319 477 421; x_wconf 61' lang='grc'>906</span> <span class='ocrx_word' id='word_1_2' title='bbox 711 332 771 422; x_wconf 87' lang='grc' dir='ltr'>Τ.</span> <span class='ocrx_word' id='word_1_3' title='bbox 833 329 1265 421; x_wconf 85' lang='lat' dir='ltr'><strong>LUCRETII</strong></span> <span class='ocrx_word' id='word_1_4' title='bbox 1329 330 1541 423; x_wconf 84' lang='lat' dir='ltr'>CARI</span> 
     </span>
    </p>
   </div>
   <div class='ocr_carea' id='block_1_2' title="bbox 335 590 1939 5072">
    <p class='ocr_par' dir='ltr' id='par_1_2' title="bbox 376 590 1739 733">
     <span class='ocr_line' id='line_1_2' title="bbox 376 590 1739 733; baseline -0.003 -40"><span class='ocrx_word' id='word_1_5' title='bbox 376 591 604 693; x_wconf 86' lang='lat' dir='ltr'>Maxima</span> <span class='ocrx_word' id='word_1_6' title='bbox 630 629 734 730; x_wconf 85' lang='lat' dir='ltr'>qua</span> <span class='ocrx_word' id='word_1_7' title='bbox 758 632 893 692; x_wconf 88' lang='lat' dir='ltr'>nunc</span> <span class='ocrx_word' id='word_1_8' title='bbox 920 632 971 693; x_wconf 89' lang='lat' dir='ltr'>se</span> <span class='ocrx_word' id='word_1_9' title='bbox 998 594 1141 731; x_wconf 88' lang='lat' dir='ltr'>ponti</span> <span class='ocrx_word' id='word_1_10' title='bbox 1167 592 1318 733; x_wconf 85' lang='lat' dir='ltr'>plaga</span> <span class='ocrx_word' id='word_1_11' title='bbox 1343 590 1526 691; x_wconf 84' lang='lat' dir='ltr'>caerula</span> <span class='ocrx_word' id='word_1_12' title='bbox 1552 590 1739 711; x_wconf 89' lang='lat' dir='ltr'>tendit,</span> 
     </span>
    </p>

    <p class='ocr_par' dir='ltr' id='par_1_3' title="bbox 377 736 1542 905">
     <span class='ocr_line' id='line_1_3' title="bbox 377 736 1542 905; baseline 0.004 -41"><span class='ocrx_word' id='word_1_13' title='bbox 377 766 618 883; x_wconf 82' lang='lat' dir='ltr'>Succidit,</span> <span class='ocrx_word' id='word_1_14' title='bbox 646 789 698 865; x_wconf 88' lang='lat' dir='ltr'>et</span> <span class='ocrx_word' id='word_1_15' title='bbox 724 767 851 866; x_wconf 85' lang='lat' dir='ltr'>salso</span> <span class='ocrx_word' id='word_1_16' title='bbox 877 767 1106 869; x_wconf 87' lang='lat' dir='ltr'>subfodit</span> <span class='ocrx_word' id='word_1_17' title='bbox 1128 768 1333 905; x_wconf 85' lang='lat' dir='ltr'>gurgite</span> <span class='ocrx_word' id='word_1_18' title='bbox 1358 736 1542 869; x_wconf 59' lang='lat' dir='ltr'>fossas}</span> 
     </span>
    </p>

    <p class='ocr_par' dir='ltr' id='par_1_4' title="bbox 377 935 1718 1079">
     <span class='ocr_line' id='line_1_4' title="bbox 377 935 1718 1079; baseline 0.004 -42"><span class='ocrx_word' id='word_1_19' title='bbox 377 935 541 1077; x_wconf 85' lang='lat' dir='ltr'><strong>Inque</strong></span> <span class='ocrx_word' id='word_1_20' title='bbox 567 940 672 1039; x_wconf 90' lang='lat' dir='ltr'>dies</span> <span class='ocrx_word' id='word_1_21' title='bbox 699 964 894 1079; x_wconf 88' lang='lat' dir='ltr'>quanto</span> <span class='ocrx_word' id='word_1_22' title='bbox 919 943 1109 1043; x_wconf 90' lang='lat' dir='ltr'>circum</span> <span class='ocrx_word' id='word_1_23' title='bbox 1135 942 1295 1078; x_wconf 88' lang='lat' dir='ltr'>magis</span> <span class='ocrx_word' id='word_1_24' title='bbox 1321 940 1522 1042; x_wconf 87' lang='lat' dir='ltr'>aetheris</span> <span class='ocrx_word' id='word_1_25' title='bbox 1547 966 1718 1062; x_wconf 83' lang='lat' dir='ltr'>aestus,</span> 
     </span>
    </p>

    <p class='ocr_par' dir='ltr' id='par_1_5' title="bbox 376 1109 1500 1251">
     <span class='ocr_line' id='line_1_5' title="bbox 376 1109 1500 1251; baseline 0.004 -40"><span class='ocrx_word' id='word_1_26' title='bbox 376 1109 446 1211; x_wconf 88' lang='lat' dir='ltr'>Et</span> <span class='ocrx_word' id='word_1_27' title='bbox 470 1111 597 1211; x_wconf 89' lang='lat' dir='ltr'>radii</span> <span class='ocrx_word' id='word_1_28' title='bbox 625 1112 741 1211; x_wconf 84' lang='lat' dir='ltr'>solis</span> <span class='ocrx_word' id='word_1_29' title='bbox 767 1112 1017 1251; x_wconf 84' lang='lat' dir='ltr'>cogebant</span> <span class='ocrx_word' id='word_1_30' title='bbox 1041 1113 1271 1250; x_wconf 89' lang='lat' dir='ltr'>undique</span> <span class='ocrx_word' id='word_1_31' title='bbox 1299 1136 1500 1238; x_wconf 87' lang='lat' dir='ltr'>terram,</span> 
     </span>
    </p>

    <p class='ocr_par' dir='ltr' id='par_1_6' title="bbox 373 1284 1708 1429">
     <span class='ocr_line' id='line_1_6' title="bbox 373 1284 1708 1429; baseline 0.003 -43"><span class='ocrx_word' id='word_1_32' title='bbox 373 1284 685 1387; x_wconf 82' lang='lat' dir='ltr'>Verberibus</span> <span class='ocrx_word' id='word_1_33' title='bbox 711 1286 897 1387; x_wconf 78' lang='lat' dir='ltr'><strong>crebris</strong></span> <span class='ocrx_word' id='word_1_34' title='bbox 924 1309 1150 1387; x_wconf 84' lang='lat' dir='ltr'>extrema</span> <span class='ocrx_word' id='word_1_35' title='bbox 1175 1288 1239 1386; x_wconf 91' lang='lat' dir='ltr'>ad</span> <span class='ocrx_word' id='word_1_36' title='bbox 1264 1288 1440 1387; x_wconf 84' lang='lat' dir='ltr'>limina</span> <span class='ocrx_word' id='word_1_37' title='bbox 1464 1312 1708 1429; x_wconf 86' lang='lat' dir='ltr'>apertam,</span> 
     </span>
    </p>

    <p class='ocr_par' dir='ltr' id='par_1_7' title="bbox 375 1458 1583 1598">
     <span class='ocr_line' id='line_1_7' title="bbox 375 1458 1583 1598; baseline 0.001 -39"><span class='ocrx_word' id='word_1_38' title='bbox 375 1458 433 1559; x_wconf 94' lang='lat' dir='ltr'>ln</span> <span class='ocrx_word' id='word_1_39' title='bbox 463 1461 629 1560; x_wconf 91' lang='lat' dir='ltr'>medio</span> <span class='ocrx_word' id='word_1_40' title='bbox 656 1483 714 1560; x_wconf 91' lang='lat' dir='ltr'>ut</span> <span class='ocrx_word' id='word_1_41' title='bbox 737 1462 980 1598; x_wconf 84' lang='lat' dir='ltr'>propulsa</span> <span class='ocrx_word' id='word_1_42' title='bbox 1005 1499 1094 1560; x_wconf 89' lang='lat' dir='ltr'>suo</span> <span class='ocrx_word' id='word_1_43' title='bbox 1121 1459 1373 1561; x_wconf 87' lang='lat' dir='ltr'>condensa</span> <span class='ocrx_word' id='word_1_44' title='bbox 1398 1462 1554 1563; x_wconf 86' lang='lat' dir='ltr'>coiret</span> <span class='ocrx_word' id='word_1_45' title='bbox 1569 1499 1583 1583; x_wconf 87' lang='lat'>3</span> 
     </span>
    </p>

    <p class='ocr_par' dir='ltr' id='par_1_8' title="bbox 371 1632 1668 1772">
     <span class='ocr_line' id='line_1_8' title="bbox 371 1632 1668 1772; baseline 0.001 -39"><span class='ocrx_word' id='word_1_46' title='bbox 371 1632 498 1733; x_wconf 88' lang='lat' dir='ltr'>Tam</span> <span class='ocrx_word' id='word_1_47' title='bbox 526 1634 685 1772; x_wconf 85' lang='lat' dir='ltr'>magis</span> <span class='ocrx_word' id='word_1_48' title='bbox 711 1670 979 1770; x_wconf 86' lang='lat' dir='ltr'>expressus</span> <span class='ocrx_word' id='word_1_49' title='bbox 1005 1633 1163 1733; x_wconf 87' lang='lat' dir='ltr'>salsus</span> <span class='ocrx_word' id='word_1_50' title='bbox 1189 1633 1252 1732; x_wconf 91' lang='lat' dir='ltr'>de</span> <span class='ocrx_word' id='word_1_51' title='bbox 1279 1672 1486 1771; x_wconf 87' lang='lat' dir='ltr'>corpore</span> <span class='ocrx_word' id='word_1_52' title='bbox 1512 1633 1668 1734; x_wconf 92' lang='lat' dir='ltr'>sudor</span> 
     </span>
    </p>

    <p class='ocr_par' dir='ltr' id='par_1_9' title="bbox 371 1805 1704 1944">
     <span class='ocr_line' id='line_1_9' title="bbox 371 1805 1704 1944; baseline 0.003 -40"><span class='ocrx_word' id='word_1_53' title='bbox 371 1805 613 1943; x_wconf 82' lang='lat' dir='ltr'>Augebat</span> <span class='ocrx_word' id='word_1_54' title='bbox 639 1844 774 1905; x_wconf 87' lang='lat' dir='ltr'>marc</span> <span class='ocrx_word' id='word_1_55' title='bbox 800 1805 1068 1925; x_wconf 86' lang='lat' dir='ltr'>rnanand0,</span> <span class='ocrx_word' id='word_1_56' title='bbox 1096 1845 1402 1944; x_wconf 89' lang='lat' dir='ltr'>camposque</span> <span class='ocrx_word' id='word_1_57' title='bbox 1427 1808 1675 1908; x_wconf 85' lang='lat' dir='ltr'>natanteis</span> <span class='ocrx_word' id='word_1_58' title='bbox 1690 1849 1704 1931; x_wconf 87' lang='lat'>;</span> 
     </span>
    </p>

    <p class='ocr_par' dir='ltr' id='par_1_10' title="bbox 371 1978 1517 2117">
     <span class='ocr_line' id='line_1_10' title="bbox 371 1978 1517 2117; baseline 0.001 -38"><span class='ocrx_word' id='word_1_59' title='bbox 371 1978 441 2080; x_wconf 84' lang='lat' dir='ltr'>Et</span> <span class='ocrx_word' id='word_1_60' title='bbox 465 2002 607 2079; x_wconf 90' lang='lat' dir='ltr'>tanto</span> <span class='ocrx_word' id='word_1_61' title='bbox 633 1978 794 2116; x_wconf 89' lang='lat' dir='ltr'>magis</span> <span class='ocrx_word' id='word_1_62' title='bbox 821 1980 904 2078; x_wconf 84' lang='lat' dir='ltr'>itta</span> <span class='ocrx_word' id='word_1_63' title='bbox 929 1978 1061 2078; x_wconf 88' lang='lat' dir='ltr'>foras</span> <span class='ocrx_word' id='word_1_64' title='bbox 1087 1980 1256 2117; x_wconf 84' lang='lat' dir='ltr'>elapsa</span> <span class='ocrx_word' id='word_1_65' title='bbox 1281 1980 1517 2081; x_wconf 85' lang='lat' dir='ltr'>volabant</span> 
     </span>
    </p>

    <p class='ocr_par' dir='ltr' id='par_1_11' title="bbox 371 2152 1637 2294">
     <span class='ocr_line' id='line_1_11' title="bbox 371 2152 1637 2294; baseline -0.001 -40"><span class='ocrx_word' id='word_1_66' title='bbox 371 2152 599 2294; x_wconf 82' lang='lat' dir='ltr'>Corpora</span> <span class='ocrx_word' id='word_1_67' title='bbox 625 2156 784 2252; x_wconf 87' lang='lat' dir='ltr'>multa</span> <span class='ocrx_word' id='word_1_68' title='bbox 807 2156 1023 2291; x_wconf 84' lang='lat' dir='ltr'>vaporis,</span> <span class='ocrx_word' id='word_1_69' title='bbox 1051 2175 1103 2253; x_wconf 90' lang='lat' dir='ltr'>et</span> <span class='ocrx_word' id='word_1_70' title='bbox 1128 2157 1270 2274; x_wconf 70' lang='lat' dir='ltr'>aeris,</span> <span class='ocrx_word' id='word_1_71' title='bbox 1299 2156 1504 2292; x_wconf 86' lang='lat' dir='ltr'>altaque.</span> <span class='ocrx_word' id='word_1_72' title='bbox 1527 2156 1637 2255; x_wconf 82' lang='lat' dir='ltr'>coeli</span> 
     </span>
    </p>

    <p class='ocr_par' dir='ltr' id='par_1_12' title="bbox 371 2325 1613 2465">
     <span class='ocr_line' id='line_1_12' title="bbox 371 2325 1613 2465; baseline -0.001 -37"><span class='ocrx_word' id='word_1_73' title='bbox 371 2325 669 2428; x_wconf 89' lang='lat' dir='ltr'>Densebant</span> <span class='ocrx_word' id='word_1_74' title='bbox 694 2327 923 2464; x_wconf 85' lang='lat' dir='ltr'>procula</span> <span class='ocrx_word' id='word_1_75' title='bbox 947 2328 1094 2427; x_wconf 91' lang='lat' dir='ltr'>terris</span> <span class='ocrx_word' id='word_1_76' title='bbox 1120 2327 1370 2465; x_wconf 85' lang='lat' dir='ltr'>fulgentia</span> <span class='ocrx_word' id='word_1_77' title='bbox 1393 2328 1613 2463; x_wconf 86' lang='lat' dir='ltr'>templa:</span> 
     </span>
    </p>

    <p class='ocr_par' dir='ltr' id='par_1_13' title="bbox 369 2500 1567 2638">
     <span class='ocr_line' id='line_1_13' title="bbox 369 2500 1567 2638; baseline -0.002 -36"><span class='ocrx_word' id='word_1_78' title='bbox 369 2502 619 2602; x_wconf 86' lang='lat' dir='ltr'>Sidebant</span> <span class='ocrx_word' id='word_1_79' title='bbox 644 2505 825 2638; x_wconf 87' lang='lat' dir='ltr'>campi,</span> <span class='ocrx_word' id='word_1_80' title='bbox 855 2501 1148 2603; x_wconf 87' lang='lat' dir='ltr'>crescebant</span> <span class='ocrx_word' id='word_1_81' title='bbox 1172 2500 1429 2601; x_wconf 87' lang='lat' dir='ltr'>montibus</span> <span class='ocrx_word' id='word_1_82' title='bbox 1455 2502 1567 2600; x_wconf 85' lang='lat' dir='ltr'>altis</span> 
     </span>
    </p>

    <p class='ocr_par' dir='ltr' id='par_1_14' title="bbox 366 2672 1764 2816">
     <span class='ocr_line' id='line_1_14' title="bbox 366 2672 1764 2816; baseline -0.001 -38"><span class='ocrx_word' id='word_1_83' title='bbox 366 2677 681 2779; x_wconf 85' lang='lat' dir='ltr'>Adscensus:</span> <span class='ocrx_word' id='word_1_84' title='bbox 721 2714 890 2813; x_wconf 90' lang='lat' dir='ltr'>neque</span> <span class='ocrx_word' id='word_1_85' title='bbox 916 2678 1051 2775; x_wconf 86' lang='lat' dir='ltr'>enirn</span> <span class='ocrx_word' id='word_1_86' title='bbox 1077 2698 1312 2816; x_wconf 89' lang='lat' dir='ltr'>poterant</span> <span class='ocrx_word' id='word_1_87' title='bbox 1336 2672 1596 2775; x_wconf 84' lang='lat' dir='ltr'>subsidere</span> <span class='ocrx_word' id='word_1_88' title='bbox 1623 2714 1764 2797; x_wconf 88' lang='lat' dir='ltr'>saxa,</span> 
     </span>
    </p>

    <p class='ocr_par' dir='ltr' id='par_1_15' title="bbox 368 2846 1787 2991">
     <span class='ocr_line' id='line_1_15' title="bbox 368 2846 1787 2991; baseline -0.003 -35"><span class='ocrx_word' id='word_1_89' title='bbox 368 2852 420 2955; x_wconf 90' lang='lat' dir='ltr'>N</span> <span class='ocrx_word' id='word_1_90' title='bbox 428 2895 483 2955; x_wconf 90' lang='lat' dir='ltr'>cc</span> <span class='ocrx_word' id='word_1_91' title='bbox 510 2854 701 2991; x_wconf 89' lang='lat' dir='ltr'>pariter</span> <span class='ocrx_word' id='word_1_92' title='bbox 726 2851 1026 2951; x_wconf 86' lang='lat' dir='ltr'>tantundem</span> <span class='ocrx_word' id='word_1_93' title='bbox 1052 2888 1224 2950; x_wconf 90' lang='lat' dir='ltr'>omnes</span> <span class='ocrx_word' id='word_1_94' title='bbox 1251 2846 1575 2949; x_wconf 84' lang='lat' dir='ltr'>succumbere</span> <span class='ocrx_word' id='word_1_95' title='bbox 1601 2874 1787 2989; x_wconf 89' lang='lat' dir='ltr'>partes.</span> 
     </span>
    </p>

    <p class='ocr_par' dir='ltr' id='par_1_16' title="bbox 367 3020 1526 3165">
     <span class='ocr_line' id='line_1_16' title="bbox 367 3020 1526 3165; baseline -0.003 -40"><span class='ocrx_word' id='word_1_96' title='bbox 367 3027 450 3128; x_wconf 85' lang='lat' dir='ltr'>Sic</span> <span class='ocrx_word' id='word_1_97' title='bbox 476 3030 633 3165; x_wconf 88' lang='lat' dir='ltr'>igitur</span> <span class='ocrx_word' id='word_1_98' title='bbox 658 3049 807 3125; x_wconf 85' lang='lat' dir='ltr'>terrac</span> <span class='ocrx_word' id='word_1_99' title='bbox 834 3050 1067 3126; x_wconf 88' lang='lat' dir='ltr'>concreto</span> <span class='ocrx_word' id='word_1_100' title='bbox 1092 3062 1301 3162; x_wconf 88' lang='lat' dir='ltr'>corpore</span> <span class='ocrx_word' id='word_1_101' title='bbox 1326 3020 1526 3159; x_wconf 89' lang='lat' dir='ltr'>pondus</span> 
     </span>
    </p>

    <p class='ocr_par' dir='ltr' id='par_1_17' title="bbox 368 3197 1939 3335">
     <span class='ocr_line' id='line_1_17' title="bbox 368 3197 1939 3335; baseline 0.001 -36"><span class='ocrx_word' id='word_1_102' title='bbox 368 3197 624 3316; x_wconf 88' lang='lat' dir='ltr'>Constitit,</span> <span class='ocrx_word' id='word_1_103' title='bbox 652 3220 805 3335; x_wconf 88' lang='lat' dir='ltr'>atquc</span> <span class='ocrx_word' id='word_1_104' title='bbox 831 3200 993 3298; x_wconf 90' lang='lat' dir='ltr'>omnis</span> <span class='ocrx_word' id='word_1_105' title='bbox 1019 3198 1196 3298; x_wconf 90' lang='lat' dir='ltr'>mundi</span> <span class='ocrx_word' id='word_1_106' title='bbox 1224 3199 1368 3335; x_wconf 87' lang='lat' dir='ltr'>quasi</span> <span class='ocrx_word' id='word_1_107' title='bbox 1393 3198 1543 3298; x_wconf 89' lang='lat' dir='ltr'>limus</span> <span class='ocrx_word' id='word_1_108' title='bbox 1569 3200 1620 3327; x_wconf 80' lang='lat' dir='ltr'>in</span> <span class='ocrx_word' id='word_1_109' title='bbox 1646 3199 1807 3301; x_wconf 89' lang='lat' dir='ltr'>imum</span> <span class='ocrx_word' id='word_1_110' title='bbox 1935 3324 1939 3331; x_wconf 28' lang='grc' dir='ltr'>Ι</span> 
     </span>
    </p>

    <p class='ocr_par' dir='ltr' id='par_1_18' title="bbox 367 3371 1706 3689">
     <span class='ocr_line' id='line_1_18' title="bbox 367 3371 1666 3509; baseline 0.002 -36"><span class='ocrx_word' id='word_1_111' title='bbox 367 3372 632 3474; x_wconf 80' lang='lat' dir='ltr'>Contluxit</span> <span class='ocrx_word' id='word_1_112' title='bbox 657 3372 839 3509; x_wconf 86' lang='lat' dir='ltr'>gravis,</span> <span class='ocrx_word' id='word_1_113' title='bbox 867 3394 918 3469; x_wconf 93' lang='lat' dir='ltr'>et</span> <span class='ocrx_word' id='word_1_114' title='bbox 943 3371 1169 3471; x_wconf 87' lang='lat' dir='ltr'>subsedit</span> <span class='ocrx_word' id='word_1_115' title='bbox 1193 3372 1439 3485; x_wconf 81' lang='lat' dir='ltr'>funditus,</span> <span class='ocrx_word' id='word_1_116' title='bbox 1466 3397 1524 3473; x_wconf 93' lang='lat' dir='ltr'>ut</span> <span class='ocrx_word' id='word_1_117' title='bbox 1549 3374 1666 3476; x_wconf 85' lang='lat' dir='ltr'><strong>faex.</strong></span> 
     </span>
     <span class='ocr_line' id='line_1_19' title="bbox 436 3543 1706 3689; baseline 0.006 -45"><span class='ocrx_word' id='word_1_118' title='bbox 436 3544 563 3644; x_wconf 87' lang='lat' dir='ltr'>lnde</span> <span class='ocrx_word' id='word_1_119' title='bbox 592 3583 743 3663; x_wconf 88' lang='lat' dir='ltr'>mare,</span> <span class='ocrx_word' id='word_1_120' title='bbox 770 3543 889 3643; x_wconf 90' lang='lat' dir='ltr'>inde</span> <span class='ocrx_word' id='word_1_121' title='bbox 916 3548 1016 3665; x_wconf 69' lang='lat' dir='ltr'>aer,</span> <span class='ocrx_word' id='word_1_122' title='bbox 1044 3546 1163 3645; x_wconf 89' lang='lat' dir='ltr'>inde</span> <span class='ocrx_word' id='word_1_123' title='bbox 1190 3545 1350 3646; x_wconf 87' lang='lat' dir='ltr'>aether</span> <span class='ocrx_word' id='word_1_124' title='bbox 1374 3549 1560 3685; x_wconf 86' lang='lat' dir='ltr'>ignifer</span> <span class='ocrx_word' id='word_1_125' title='bbox 1583 3552 1706 3689; x_wconf 88' lang='lat' dir='ltr'>ipse.</span> 
     </span>
    </p>

    <p class='ocr_par' dir='ltr' id='par_1_19' title="bbox 367 3717 1632 3857">
     <span class='ocr_line' id='line_1_20' title="bbox 367 3717 1632 3857; baseline 0.004 -39"><span class='ocrx_word' id='word_1_126' title='bbox 367 3717 677 3854; x_wconf 83' lang='lat' dir='ltr'>Corporibus</span> <span class='ocrx_word' id='word_1_127' title='bbox 701 3717 910 3854; x_wconf 88' lang='lat' dir='ltr'>liquidis</span> <span class='ocrx_word' id='word_1_128' title='bbox 936 3743 1056 3820; x_wconf 93' lang='lat' dir='ltr'>sunt</span> <span class='ocrx_word' id='word_1_129' title='bbox 1081 3721 1248 3820; x_wconf 84' lang='lat' dir='ltr'>ornnia</span> <span class='ocrx_word' id='word_1_130' title='bbox 1273 3758 1402 3857; x_wconf 87' lang='lat' dir='ltr'>pura</span> <span class='ocrx_word' id='word_1_131' title='bbox 1427 3723 1632 3847; x_wconf 85' lang='lat' dir='ltr'>relicta;</span> 
     </span>
    </p>

    <p class='ocr_par' dir='ltr' id='par_1_20' title="bbox 364 3891 1608 4034">
     <span class='ocr_line' id='line_1_21' title="bbox 364 3891 1608 4034; baseline 0.001 -42"><span class='ocrx_word' id='word_1_132' title='bbox 364 3892 434 3992; x_wconf 85' lang='lat' dir='ltr'>Et</span> <span class='ocrx_word' id='word_1_133' title='bbox 457 3893 642 3991; x_wconf 86' lang='lat' dir='ltr'>leviora</span> <span class='ocrx_word' id='word_1_134' title='bbox 668 3892 775 3989; x_wconf 83' lang='lat' dir='ltr'>aliis</span> <span class='ocrx_word' id='word_1_135' title='bbox 802 3891 926 3991; x_wconf 82' lang='lat' dir='ltr'>alia:</span> <span class='ocrx_word' id='word_1_136' title='bbox 967 3917 1018 3992; x_wconf 90' lang='lat' dir='ltr'>et</span> <span class='ocrx_word' id='word_1_137' title='bbox 1041 3894 1407 4034; x_wconf 85' lang='lat' dir='ltr'>liquidissimus</span> <span class='ocrx_word' id='word_1_138' title='bbox 1432 3892 1608 4014; x_wconf 86' lang='lat' dir='ltr'>aetber,</span> 
     </span>
    </p>

    <p class='ocr_par' dir='ltr' id='par_1_21' title="bbox 363 4066 1608 4203">
     <span class='ocr_line' id='line_1_22' title="bbox 363 4066 1608 4203; baseline 0.001 -38"><span class='ocrx_word' id='word_1_139' title='bbox 363 4067 536 4203; x_wconf 87' lang='lat' dir='ltr'>Atque</span> <span class='ocrx_word' id='word_1_140' title='bbox 561 4067 856 4183; x_wconf 84' lang='lat' dir='ltr'>levissimus,</span> <span class='ocrx_word' id='word_1_141' title='bbox 886 4066 1042 4165; x_wconf 72' lang='lat' dir='ltr'>aerias</span> <span class='ocrx_word' id='word_1_142' title='bbox 1068 4104 1220 4202; x_wconf 90' lang='lat' dir='ltr'>snper</span> <span class='ocrx_word' id='word_1_143' title='bbox 1246 4066 1414 4164; x_wconf 88' lang='lat' dir='ltr'>influit</span> <span class='ocrx_word' id='word_1_144' title='bbox 1433 4102 1608 4190; x_wconf 85' lang='lat' dir='ltr'>auras3</span> 
     </span>
    </p>

    <p class='ocr_par' dir='ltr' id='par_1_22' title="bbox 367 4236 1636 4374">
     <span class='ocr_line' id='line_1_23' title="bbox 367 4236 1636 4374; baseline 0.001 -36"><span class='ocrx_word' id='word_1_145' title='bbox 367 4237 479 4338; x_wconf 88' lang='lat' dir='ltr'>Nec</span> <span class='ocrx_word' id='word_1_146' title='bbox 504 4236 761 4373; x_wconf 85' lang='lat' dir='ltr'>liquidum</span> <span class='ocrx_word' id='word_1_147' title='bbox 789 4275 971 4374; x_wconf 86' lang='lat' dir='ltr'>corpus</span> <span class='ocrx_word' id='word_1_148' title='bbox 998 4238 1323 4339; x_wconf 90' lang='lat' dir='ltr'>turbantibus</span> <span class='ocrx_word' id='word_1_149' title='bbox 1349 4238 1477 4337; x_wconf 71' lang='lat' dir='ltr'>aeris</span> <span class='ocrx_word' id='word_1_150' title='bbox 1502 4240 1636 4339; x_wconf 91' lang='lat' dir='ltr'>auris</span> 
     </span>
    </p>

    <p class='ocr_par' dir='ltr' id='par_1_23' title="bbox 366 4378 1777 4513">
     <span class='ocr_line' id='line_1_24' title="bbox 366 4378 1777 4513; baseline -0.001 -1"><span class='ocrx_word' id='word_1_151' title='bbox 366 4412 699 4513; x_wconf 84' lang='lat' dir='ltr'>Cornmiscet:</span> <span class='ocrx_word' id='word_1_152' title='bbox 740 4412 858 4510; x_wconf 89' lang='lat' dir='ltr'>sinit</span> <span class='ocrx_word' id='word_1_153' title='bbox 883 4410 991 4511; x_wconf 88' lang='lat' dir='ltr'>baeu</span> <span class='ocrx_word' id='word_1_154' title='bbox 1016 4412 1247 4513; x_wconf 88' lang='lat' dir='ltr'>violentis</span> <span class='ocrx_word' id='word_1_155' title='bbox 1271 4413 1440 4510; x_wconf 89' lang='lat' dir='ltr'>omnia</span> <span class='ocrx_word' id='word_1_156' title='bbox 1464 4413 1592 4511; x_wconf 92' lang='lat' dir='ltr'>verti</span> <span class='ocrx_word' id='word_1_157' title='bbox 1771 4378 1777 4389; x_wconf 23' lang='grc' dir='ltr'>ι</span> 
     </span>
    </p>

    <p class='ocr_par' dir='ltr' id='par_1_24' title="bbox 361 4583 1613 4721">
     <span class='ocr_line' id='line_1_25' title="bbox 361 4583 1613 4721; baseline 0.001 -36"><span class='ocrx_word' id='word_1_158' title='bbox 361 4584 708 4707; x_wconf 88' lang='lat' dir='ltr'>Turbinibus;</span> <span class='ocrx_word' id='word_1_159' title='bbox 747 4586 865 4683; x_wconf 93' lang='lat' dir='ltr'>sinit</span> <span class='ocrx_word' id='word_1_160' title='bbox 889 4586 1092 4684; x_wconf 90' lang='lat' dir='ltr'>incertis</span> <span class='ocrx_word' id='word_1_161' title='bbox 1118 4583 1323 4684; x_wconf 89' lang='lat' dir='ltr'>turbare</span> <span class='ocrx_word' id='word_1_162' title='bbox 1349 4585 1613 4721; x_wconf 86' lang='lat' dir='ltr'>procellis:</span> 
     </span>
    </p>

    <p class='ocr_par' dir='ltr' id='par_1_25' title="bbox 363 4756 1519 4895">
     <span class='ocr_line' id='line_1_26' title="bbox 363 4756 1519 4895; baseline 0.003 -38"><span class='ocrx_word' id='word_1_163' title='bbox 363 4756 479 4893; x_wconf 87' lang='lat' dir='ltr'>Ipse</span> <span class='ocrx_word' id='word_1_164' title='bbox 506 4796 620 4856; x_wconf 91' lang='lat' dir='ltr'>suos</span> <span class='ocrx_word' id='word_1_165' title='bbox 646 4758 806 4893; x_wconf 87' lang='lat' dir='ltr'>igneis</span> <span class='ocrx_word' id='word_1_166' title='bbox 832 4779 968 4856; x_wconf 88' lang='lat' dir='ltr'>certo</span> <span class='ocrx_word' id='word_1_167' title='bbox 993 4757 1093 4856; x_wconf 86' lang='lat' dir='ltr'>fert</span> <span class='ocrx_word' id='word_1_168' title='bbox 1117 4761 1303 4895; x_wconf 85' lang='lat' dir='ltr'>impete</span> <span class='ocrx_word' id='word_1_169' title='bbox 1331 4759 1519 4861; x_wconf 79' lang='lat' dir='ltr'>labens</span> 
     </span>
    </p>

    <p class='ocr_par' dir='ltr' id='par_1_26' title="bbox 335 4929 1771 5072">
     <span class='ocr_line' id='line_1_27' title="bbox 335 4929 1771 5072; baseline 0.005 -37"><span class='ocrx_word' id='word_1_170' title='bbox 335 5028 339 5035; x_wconf 87' lang='lat'><em>.</em></span> <span class='ocrx_word' id='word_1_171' title='bbox 363 4929 499 5032; x_wconf 86' lang='lat' dir='ltr'>Nam</span> <span class='ocrx_word' id='word_1_172' title='bbox 529 4932 719 5031; x_wconf 88' lang='lat' dir='ltr'>modice</span> <span class='ocrx_word' id='word_1_173' title='bbox 744 4933 918 5052; x_wconf 90' lang='lat' dir='ltr'>fluere,</span> <span class='ocrx_word' id='word_1_174' title='bbox 946 4956 1101 5071; x_wconf 88' lang='lat' dir='ltr'>atque</span> <span class='ocrx_word' id='word_1_175' title='bbox 1125 4974 1228 5033; x_wconf 92' lang='lat' dir='ltr'>uno</span> <span class='ocrx_word' id='word_1_176' title='bbox 1254 4973 1399 5072; x_wconf 91' lang='lat' dir='ltr'>posse</span> <span class='ocrx_word' id='word_1_177' title='bbox 1425 4935 1616 5038; x_wconf 88' lang='lat' dir='ltr'>aethera</span> <span class='ocrx_word' id='word_1_178' title='bbox 1639 4940 1771 5063; x_wconf 87' lang='lat' dir='ltr'>nisu,</span> 
     </span>
    </p>
   </div>
   <div class='ocr_carea' id='block_1_3' title="bbox 0 0 2220 5984">
    <p class='ocr_par' dir='ltr' id='par_1_27' title="bbox 0 0 2220 5984">
     <span class='ocr_line' id='line_1_28' title="bbox 0 0 2220 5984; baseline 0 0"><span class='ocrx_word' id='word_1_179' title='bbox 0 0 2220 5984; x_wconf 95' lang='lat' dir='ltr'> </span> 
     </span>
    </p>
   </div>
  </div>
 </body>
</html>
