4432 5984
625 382 895 474 LIBER
955 381 1353 476 TERTIUS.
1455 440 1459 447 ,
1666 381 1779 477 135·

267 637 649 781 sollicitamque
674 642 808 780 geris
833 679 969 743 cassa
993 641 1262 744 formidine
1288 646 1545 761 mentem?

267 813 380 918 Nec
407 819 628 955 reperire
653 840 813 957 potes,
843 819 969 956 quid
995 819 1060 918 sit
1083 815 1176 915 tibi
1204 856 1339 957 saepe
1367 821 1504 941 mali,
1534 858 1691 961 quom

267 988 456 1093 Ebrius
484 994 677 1130 urgeris
703 993 875 1093 multis
901 994 1052 1093 miser
1076 994 1306 1129 undique
1332 995 1480 1116 curis,

263 1163 438 1306 Atque
465 1169 619 1267 animi
644 1169 834 1270 incerto
861 1171 1067 1271 fluitans
1093 1208 1261 1270 errore
1285 1170 1513 1305 vagarisl

175 1304 184 1325 ι
336 1340 391 1440 Si
417 1363 622 1479 possent
645 1339 891 1464 homines,
917 1345 1135 1483 proinde
1161 1382 1217 1444 ac
1243 1344 1428 1443 sentire
1452 1344 1708 1470 videntur,

265 1511 472 1616 Pondus
498 1518 658 1641 inesse
685 1518 867 1637 animo,
896 1516 1034 1656 quod
1062 1554 1113 1616 se
1138 1517 1381 1654 gravitate
1407 1515 1603 1657 fatiget,

266 1687 334 1789 Et
360 1687 549 1829 quibus
575 1691 629 1790 id
654 1690 743 1791 fiat
768 1690 929 1791 causis
953 1726 1273 1827 cognoscere,
1300 1713 1351 1789 et
1375 1691 1514 1792 unde

262 1859 427 1965 Tanta
452 1864 571 1964 mali
598 1888 842 2003 tanquam
867 1865 1023 1965 moles
1047 1863 1099 1962 in
1128 1883 1330 1998 pectore
1356 1886 1581 1991 constet3

266 2034 420 2138 Haud
441 2038 512 2139 ita
533 2039 684 2139 vitam
703 2060 929 2175 agerent,
950 2059 1009 2137 ut
1027 2075 1163 2136 nunc
1183 2038 1486 2175 plerumque
1508 2040 1755 2163 videmus,

267 2207 406 2330 Quid
437 2210 532 2312 sibi
558 2213 778 2351 quisque
802 2210 940 2331 velit,
967 2210 1175 2331 nescire,
1208 2234 1259 2312 et
1284 2249 1512 2350 quaerere
1539 2252 1756 2355 semper,

267 2383 590 2487 Commetare
616 2386 798 2505 locum,
825 2370 970 2522 quasi
994 2423 1123 2485 onus
1149 2385 1402 2523 deponere
1427 2390 1600 2525 possit.
1679 2440 1713 2483 ·,

334 2558 458 2659 Exit
482 2596 616 2696 saepe
641 2556 773 2657 foras
798 2555 993 2692 magnis
1019 2595 1084 2657 ex
1109 2557 1306 2659 aedibus
1332 2561 1435 2681 ille,

265 2731 388 2833 Esse
414 2731 551 2831 domi
577 2768 729 2872 quem
754 2750 1030 2867 pertaesum
1055 2752 1145 2850 est,
1173 2729 1444 2872 subitoque
1470 2735 1705 2859 revertit3

267 2903 477 3043 Quippe
502 2905 623 3006 foris
647 2904 809 3007 nihilo
832 2909 1011 3008 melius
1038 2911 1126 3048 qui
1154 2908 1337 3010 sentiat
1361 2946 1500 3010 esset·

335 3078 511 3182 Currit
534 3117 688 3218 agens
713 3104 923 3182 mannos
949 3081 1012 3182 ad
1037 3082 1208 3203 uillam
1233 3079 1315 3182 bic
1341 3082 1737 3220 praecipitanter,

262 3253 528 3356 Auxilium
553 3255 702 3354 tectis
726 3258 871 3393 quasi
896 3255 1028 3355 ferre
1055 3254 1350 3355 ardentibus
1375 3257 1596 3382 instans3
1666 3394 1670 3399 Ι
1834 3374 1839 3381 ,

265 3428 464 3531 Oscitat
487 3429 763 3566 extemplo,
789 3430 960 3566 tetigit
984 3467 1140 3570 quom
1164 3429 1341 3529 limina
1363 3431 1515 3552 villae,
1610 3508 1618 3519 .

262 3604 370 3703 Aut
394 3601 502 3704 abit
525 3605 579 3704 in
606 3639 838 3704 somnum
863 3606 1046 3741 gravis,
1073 3627 1227 3742 atque
1252 3602 1438 3704 oblivia
1463 3608 1667 3744 quaerit,
1714 3670 1716 3675 ·

263 3776 371 3877 Aut
395 3776 545 3875 etiam
570 3812 850 3912 properans
875 3774 1054 3876 urbem
1080 3779 1210 3914 petit
1235 3797 1389 3915 atque
1415 3781 1600 3883 revisit.

265 3947 378 4051 Hoc
406 3987 458 4049 se
485 3948 702 4089 quisque
727 3949 878 4050 modo
902 3948 1065 4087 fugit:
1105 3974 1175 4070 at,
1201 3989 1356 4089 quem
1373 3954 1577 4077 scilicet,
1599 3978 1658 4057 ut
1677 3956 1753 4076 lit,
1837 3932 1844 3945 ¹

264 4123 506 4263 Effugere
532 4122 670 4224 haud
694 4123 829 4263 potis
854 4145 946 4242 est,
972 4123 1184 4260 ingratis
1210 4122 1388 4246 baeret,
1414 4149 1465 4226 et
1489 4131 1661 4266 angit,

264 4297 556 4438 Propterea,
583 4298 746 4399 morbi
774 4297 896 4438 quia
919 4334 1121 4397 causam
1148 4337 1250 4398 non
1275 4322 1417 4399 tenet
1441 4340 1607 4438 aeger3

198 4526 212 4544 ·
264 4472 433 4595 Quam
459 4472 590 4574 bene
616 4475 656 4574 si
681 4472 865 4591 videat,
895 4471 1020 4608 jam,
1046 4470 1198 4571 rebus
1225 4473 1445 4612 quisque
1472 4477 1659 4576 relictis

263 4647 515 4751 Naturam
539 4648 764 4786 primum
789 4644 990 4745 studeat
1014 4683 1315 4784 cognoscere
1341 4685 1530 4767 rerum,

259 4819 528 4960 Temporis
547 4821 726 4922 aeterni
752 4819 1008 4960 quoniam,
1034 4857 1136 4919 non
1164 4820 1314 4919 unius
1339 4815 1495 4938 borae,

259 4993 557 5135 Ambigitur
581 5017 759 5118 status,
782 4995 836 5095 in
863 5030 967 5133 quo
991 4994 1057 5095 sit
1079 4992 1377 5095 mortalibus
1401 4993 1568 5094 omnis
