4432 5984
246 296 250 303 ¹
365 310 469 463 130⁵
683 372 1525 519 r.nccunr1rcnnr

362 628 415 728 Si
442 631 608 731 minus
633 670 738 731 esse
763 655 931 768 potest
955 668 1108 770 quam
1137 629 1276 769 quod
1303 630 1428 732 nihil
1454 671 1559 735 esse
1583 632 1866 737 videmus.

360 800 531 942 Major
553 807 688 904 enirn
714 804 880 905 turbae
907 804 1143 942 disjectus
1168 807 1397 907 materiai

362 960 706 1116 Consequitur
730 976 885 1097 letho,
914 1016 1006 1076 nec
1031 978 1302 1115 quisquam
1327 983 1625 1120 expergitus
1646 1000 1866 1099 exstat,

362 1150 569 1291 Frigida
595 1191 749 1293 quem
775 1153 929 1252 semel
955 1174 1032 1250 est
1056 1153 1175 1252 vitai
1199 1190 1358 1289 pausa
1383 1178 1569 1256 secuta.

432 1326 675 1468 Denique
701 1328 741 1426 si
765 1364 939 1427 vocem
965 1362 1133 1424 rerum
1159 1348 1339 1427 natura
1362 1348 1571 1467 repente

361 1496 555 1622 Mittat,
577 1526 629 1602 et
654 1500 749 1601 hoc
774 1501 965 1639 aliquoi
989 1501 1216 1598 nostrdm
1244 1502 1313 1601 sic
1337 1502 1565 1640 increpet
1589 1503 1742 1641 ipsa3

362 1672 500 1795 Quid
529 1676 622 1777 tibi
648 1699 912 1813 tantopere
937 1695 1029 1794 est,
1056 1675 1294 1796 mortalis
1323 1670 1462 1816 quod
1488 1676 1636 1777 nimis
1660 1678 1840 1815 aegris

361 1848 611 1951 Luctibus
636 1850 902 1987 indulges?
941 1849 1067 1989 quid
1095 1872 1305 1949 mortem
1332 1850 1606 1988 congemis,
1625 1888 1687 1951 ac
1716 1852 1877 1953 fles?¹

361 2022 498 2126 Nam
526 2027 567 2125 si
592 2047 737 2163 grata
759 2023 859 2123 fuit
881 2020 977 2123 tibi
1000 2023 1104 2121 vita
1124 2047 1372 2145 anteacta,
1399 2027 1659 2167 priorque,
1812 2104 1818 2115 .

364 2197 432 2300 Et
456 2238 555 2298 non
583 2198 751 2297 omnia
777 2217 1038 2333 pertusum
1064 2222 1302 2337 congesta
1326 2201 1470 2340 quasi
1494 2203 1545 2302 in
1571 2239 1663 2303 vas

363 2372 643 2476 Commoda
664 2374 971 2510 perfluxere,
998 2394 1152 2509 atque
1179 2375 1378 2511 ingrata
1401 2372 1671 2478 interiere:

363 2547 471 2650 Cur
496 2587 613 2668 non,
640 2572 700 2648 ut
723 2548 905 2685 plenus
930 2548 1049 2646 vitae
1072 2547 1295 2666 conviva,
1321 2547 1529 2670 recedis,

359 2722 537 2861 AEquo
563 2723 833 2858 animoque
860 2719 996 2854 capis
1022 2755 1263 2841 securam,
1290 2722 1458 2843 stulte,
1487 2723 1764 2863 quietem?

362 2888 537 2999 Sin'ea
563 2936 680 3036 quae
707 2897 901 2997 fructus
925 2933 1145 3034 cumque
1170 2933 1222 2994 es
1246 2897 1442 3031 periere
1468 2895 1693 3033 profusa,

359 3072 584 3213 Vitaque
610 3075 659 3173 in
688 3070 883 3172 offensu
911 3094 1016 3194 est;
1053 3109 1145 3171 cur
1169 3069 1385 3206 amplius
1410 3069 1596 3169 addere
1622 3077 1846 3209 quaeris
1875 3098 1885 3113 ·“

362 3252 585 3354 Rursum
606 3238 745 3395 quod
772 3274 946 3390 pereat
971 3253 1100 3353 male
1120 3274 1171 3350 et
1191 3251 1446 3386 ingratum
1461 3247 1657 3350 occidat
1676 3288 1854 3359 omne
1864 3282 1891 3361 ἐ·

364 3428 478 3530 Nec
504 3429 673 3565 potius
696 3428 813 3527 vitae
841 3428 993 3526 finem
1020 3425 1158 3544 facis,
1185 3447 1338 3561 atque
1363 3418 1580 3522 laboris?
1643 3422 1646 3427 ’

362 3600 501 3705 Nam
525 3600 624 3701 tibi
645 3622 888 3738 praeterea
914 3599 1052 3737 quod
1080 3597 1351 3715 machiner,
1378 3596 1741 3733 inveniamque
1901 3616 1906 3623 '

366 3776 519 3898 Quod
546 3776 758 3913 placeat,
784 3772 910 3873 nihil
936 3799 1040 3876 est:
1080 3772 1254 3874 eadem
1281 3791 1400 3868 sunt
1424 3770 1593 3869 omnia
1617 3806 1865 3909 semper.
1908 3834 1911 3841 ·

366 3951 418 4049 Si
445 3949 539 4048 tibi
566 3986 667 4047 non
694 3949 836 4046 annis
862 3986 1042 4085 corpus
1061 3948 1166 4084 jam
1194 3965 1399 4062 marcet,
1425 3963 1476 4040 et
1500 3965 1640 4043 artus

366 4121 597 4224 Confecti
622 4122 894 4257 languent:
933 4122 1109 4221 eadem
1134 4142 1302 4219 tamen
1329 4117 1498 4217 ornnia
1522 4138 1736 4240 restant,

367 4295 556 4396 Omnia
580 4296 620 4391 si
646 4331 827 4430 pergas
851 4296 1066 4395 vivendo
1090 4295 1288 4393 vincere
1315 4292 1491 4414 saecla3

363 4470 538 4607 Atque
563 4468 714 4566 etiam
738 4469 924 4604 potius,
951 4470 990 4567 si
1017 4507 1282 4608 nunquam
1309 4468 1373 4567 sis
1398 4466 1688 4566 moriturus.
1769 4490 1774 4497 '

366 4639 508 4760 Quid
534 4639 942 4776 respondeamus,
969 4643 1062 4740 nisi
1080 4642 1266 4779 justam
1294 4640 1557 4740 intendere
1581 4639 1754 4743 litem·
1923 4738 1928 4745 .

367 4814 636 4930 Naturam,
665 4834 715 4911 et
732 4798 912 4914 ¹veram
938 4814 1103 4914 verbis
1129 4857 1381 4956 exponere
1408 4821 1641 4921 causam?

434 4989 506 5089 At
530 4968 841 5127 qui'obitum
865 4989 1170 5094 lamentetur
1195 4994 1345 5094 miser
1369 4993 1585 5133 amplius
1609 4984 1811 5134 aequ0,·
1891 4996 1897 5005 ’
1921 5110 1928 5123 ,
