4432 5984
376 383 474 477 158
697 385 757 473 T.
826 383 1261 476 LUCRETII
1326 385 1540 478 CARI

374 641 603 781 Quippe,
637 666 1026 781 perangustum
1053 643 1204 745 turba
1229 646 1416 783 majore
1442 670 1611 747 coorta

373 818 454 919 lre
479 818 611 918 foras
634 818 726 919 ubi
751 842 1013 958 coeperunt
1038 818 1316 955 primordia
1338 860 1536 939 vocum,

374 993 576 1095 Scilicet
601 994 817 1131 expletis
844 993 1225 1131 qnoquejanua
1249 991 1445 1095 raditur
1468 996 1569 1095 oris

372 1168 546 1269 Rauca
569 1170 678 1290 viis,
705 1192 756 1267 et
780 1170 876 1268 iter
899 1169 1043 1268 laedit
1066 1205 1171 1305 qua
1193 1205 1291 1265 vox
1317 1167 1358 1266 it
1382 1168 1434 1268 in
1460 1206 1623 1273 auras.

372 1342 528 1444 Haud
547 1343 703 1479 igitur
717 1340 932 1443 dubium
952 1366 1043 1464 est,
1061 1343 1186 1481 quin
1203 1381 1347 1443 voces
1365 1342 1622 1485 verbaque
1638 1370 1901 1451 constent

375 1516 643 1658 Corporeis
669 1557 696 1618 e
722 1519 1000 1656 principiis,
1027 1543 1086 1619 ut
1108 1516 1294 1617 laedere
1320 1521 1528 1655 possint.

441 1691 631 1794 Necte
657 1692 787 1793 fallit
812 1695 951 1813 item,
979 1692 1104 1831 quid
1132 1692 1353 1831 corporis
1379 1692 1590 1813 auferat,
1616 1698 1842 1837 etquid

371 1865 624 1970 Detrahat
649 1906 711 1966 ex
738 1866 1001 1967 hominum
1027 1869 1208 1985 nervis²
1234 1906 1291 1967 ac
1317 1866 1508 1969 viribus
1534 1870 1654 2007 ipsis

370 2042 656 2181 Perpetuus
682 2080 843 2142 sermo
870 2045 1034 2180 nigrai
1060 2042 1219 2143 noctis
1246 2043 1307 2141 ad
1336 2042 1587 2163 umbram,

216 2238 222 2253 '
367 2218 581 2319 Aurorae
607 2217 884 2356 perductus
911 2215 974 2317 ab
1000 2217 1260 2316 exoriente
1287 2218 1480 2340 nitore3

368 2392 656 2493 Praesertim
683 2393 722 2491 si
750 2430 865 2492 curn
893 2429 1090 2491 summo
1116 2414 1199 2495 est.
1216 2392 1431 2491 claruere
1458 2392 1728 2529 profusus:

368 2565 508 2705 Ergo
534 2604 826 2705 corpoream
852 2605 1024 2667 vocem
1053 2589 1279 2667 constare
1306 2604 1505 2667 necesse
1531 2591 1622 2689 est,

367 2740 539 2844 Multa
563 2744 778 2879 loquens
804 2743 1044 2878 quoniam
1073 2743 1259 2841 amittit
1283 2742 1346 2841 de
1372 2781 1587 2879 corpore
1611 2766 1850 2883 partem.

434 2916 695 3054 Asperitas
721 2937 889 3016 autern
915 2915 1049 3015 vocis
1074 2916 1134 3016 fit
1159 2916 1223 3015 ab
1249 2918 1521 3054 asperitate

364 3091 757 3230 Principiorurn‚
784 3088 981 3188 etitem
1007 3089 1165 3189 laevor
1189 3092 1370 3191 laevore
1398 3114 1626 3193 creatur:

365 3262 478 3368 Nec
505 3267 654 3367 simili
680 3286 950 3401 penetrant
975 3266 1138 3366 aureis
1164 3266 1440 3403 primordia
1465 3266 1643 3387 forma,

365 3440 536 3562 Quom
562 3438 690 3541 tuba
713 3439 952 3575 depresso
976 3441 1197 3577 graviter
1221 3440 1315 3540 sub
1341 3478 1599 3542 murmure
1626 3448 1854 3585 mugit,'

367 3615 436 3717 Et
462 3637 661 3715 revocat
684 3651 892 3714 raucum
919 3617 1154 3717 retrocita
1180 3614 1395 3716 barbara
1421 3614 1699 3743 bombum3

363 3788 599 3891 Vallibus
624 3810 677 3887 et
702 3788 846 3925 cycni
873 3790 1054 3925 gelidis
1079 3792 1176 3889 orti
1202 3828 1265 3889 ex
1295 3788 1554 3891 Heliconis

366 3962 539 4083 Quom
566 3961 822 4101 liquidam
847 3964 1037 4063 tollunt
1061 3965 1268 4103 lugubri
1293 4004 1414 4066 voce
1441 3965 1722 4103 querelam.

435 4140 601 4241 Hasce
627 4141 787 4279 igitur
810 4142 1014 4277 penitus
1033 4179 1178 4241 voces
1204 4179 1361 4280 quom
1383 4177 1592 4277 corpore
1617 4165 1812 4251 nostro

363 4316 727 4452 ExprimimuS,
754 4335 994 4452 rectoque
1019 4313 1152 4414 foras
1177 4315 1454 4414 emittimus
1477 4351 1580 4435 ore,

363 4491 573 4593 Mobilis
598 4490 832 4590 articulat
855 4488 1125 4589 verborum
1153 4489 1350 4589 daedala
1373 4489 1580 4624 lingua3

362 4666 760 4802 Formaturaque
784 4662 1043 4763 labrorum
1067 4702 1161 4800 pro
1188 4686 1330 4800 parte
1356 4663 1558 4800 figurat.
1585 4752 1589 4757 .

419 4840 1025 4979 Atqueubinonlongum
1041 4839 1259 4974 spatium
1272 4860 1362 4958 est,
1374 4837 1511 4937 unde
1527 4837 1613 4938 illa
1629 4840 1891 4975 profecta

360 5014 631 5118 Perveniat
653 5053 752 5115 vox
778 5052 1015 5154 quaeque,
1037 5050 1237 5113 necesse
1256 5033 1332 5112 est
1348 5008 1503 5115 verba
1522 5049 1736 5152 quoque
1761 5020 1892 5171 ipsa
