4432 5984
734 369 1007 460 LIBER
1069 366 1494 461 QUARTUS.
1741 355 1844 457 165

356 620 604 725 Auroram
629 627 763 728 clara
788 647 1083 728 consuetum
1107 662 1227 724 voce
1245 663 1439 744 vocare,

357 794 409 897 N
415 837 514 899 enu
541 824 738 938 queunt
761 799 926 938 rapidi
952 822 1125 900 contra
1150 819 1376 898 constare
1395 796 1565 897 leones

356 968 522 1110 Inque
546 975 707 1098 tueri3
744 976 814 1073 ita
840 973 1078 1073 continuo
1104 972 1374 1071 meminere
1400 971 1571 1108 fugai:

358 1142 633 1267 Nimirum,
661 1149 781 1286 quia
806 1169 925 1248 sunt
949 1147 1197 1283 gallorum
1222 1148 1273 1246 in
1301 1184 1508 1283 corpore
1535 1146 1770 1284 quaedam

356 1316 575 1441 Semina,
603 1360 739 1460 quae,
767 1358 922 1459 quom
950 1341 1070 1419 sunt
1093 1319 1251 1418 oculis
1276 1319 1495 1419 immissa
1518 1320 1740 1440 leonum,

212 1572 217 1581 .
357 1490 584 1630 Pupillas
609 1492 956 1612 interfodiunt,
983 1531 1251 1630 acremque
1271 1490 1496 1593 dolorem

357 1664 611 1788 Praebent,
637 1691 696 1767 ut
719 1690 978 1806 nequeant
1001 1690 1174 1767 contra
1200 1668 1383 1766 durare
1407 1665 1625 1768 feroces:

360 1839 493 1939 Cum
517 1863 682 1939 tamen
711 1838 820 1940 lraec
847 1863 1038 1939 nostras
1063 1842 1192 1941 acies
1216 1841 1288 1940 nil
1315 1837 1498 1938 laedere
1523 1842 1746 1976 possint3

355 2011 464 2110 Ant
488 2014 732 2150 quianon
758 2037 1042 2152 penetrant,
1068 2037 1156 2114 aut
1179 2013 1316 2153 qnod
1342 2013 1726 2149 penetrantibus
1745 2014 1843 2114 illis

359 2182 542 2287 Exitus
568 2226 630 2286 ex
655 2188 814 2288 oculis
838 2186 968 2287 liber
993 2187 1158 2307 datur,
1185 2189 1237 2287 in
1262 2186 1531 2286 remeando

360 2356 569 2460 Laedere
594 2399 658 2460 ne
683 2363 877 2499 possint
900 2402 965 2461 cx
988 2362 1093 2462 ulla
1116 2363 1312 2462 lumina
1333 2383 1492 2497 parte.

429 2532 829 2676 Nnncage,quae
844 2518 1078 2639 moveant
1091 2537 1402 2637 animumres
1423 2534 1608 2673 accipe,
1622 2561 1675 2639 et
1688 2539 1841 2660 unde,

361 2706 493 2829 Quae
517 2711 744 2830 veniunt,
769 2712 974 2812 veniant
999 2711 1051 2810 in
1076 2731 1313 2826 mentem,
1340 2708 1545 2845 percipe
1570 2712 1761 2849 paneis.

346 2878 616 3018 ,Principio
640 2880 735 2983 hoc
761 2883 890 3005 dico,
916 2886 1085 2985 rerum
1109 2882 1375 2983 simulacra
1397 2881 1568 3017 vagari

361 3051 528 3154 Multa
553 3054 715 3155 modis
739 3057 912 3157 multis
936 3058 989 3156 in
1015 3078 1218 3157 cunctas
1244 3053 1472 3191 undique
1498 3058 1684 3191 parteis

356 3225 568 3348 ¹Tennia,
596 3228 882 3367 quae-facile
908 3230 1041 3330 inter
1064 3267 1114 3329 se
1132 3228 1426 3364 junguntur
1449 3231 1503 3328 in
1528 3233 1678 3352 auris,

362 3398 529 3501 Obvia
552 3439 667 3503 cum
692 3403 917 3520 veniunt,
943 3424 1003 3502 ut
1028 3437 1224 3519 aranea,
1250 3398 1554 3547 bratteaque
1580 3405 1705 3503 auri.

361 3571 570 3712 Quippe
595 3575 779 3674 etenim
807 3576 966 3674 multo
993 3574 1152 3711 magis
1176 3572 1284 3673 haec
1310 3596 1429 3673 sunt
1453 3577 1626 3675 tenuia
1648 3598 1793 3678 textu

361 3745 531 3867 Quam
557 3785 673 3885 quae
699 3747 989 3884 percipiunt
1010 3745 1201 3866 oculos,
1220 3746 1485 3885 visumque
1510 3749 1790 3852 lacessunt:

361 3918 600 4057 Corporis
624 3918 733 4021 hacc
758 3920 999 4059 quoniam
1023 3941 1295 4055 penetrant
1319 3957 1412 4056 per
1435 3959 1562 4042 rara,
1590 3925 1827 4064 cientque

357 4088 587 4192 Tenuem
611 4095 765 4194 animi
790 4115 1021 4192 naturam
1047 4094 1199 4213 intus,
1225 4129 1528 4230 sensumque
1555 4094 1819 4200 lacessunt.

430 4263 710 4368 Centauros
734 4268 908 4406 itaque
932 4287 985 4365 et
1009 4262 1290 4403 Scyllarum
1317 4261 1544 4365 membra
1567 4267 1815 4390 videmus,

362 4436 739 4578 Cerbereasque
763 4476 945 4541 canum
968 4438 1136 4557 facies,
1165 4438 1533 4575 simulacraque
1559 4479 1735 4542 eorum

362 4610 592 4733 Quorum
618 4638 780 4715 morte
804 4612 943 4714 obita
966 4614 1119 4714 tellus
1137 4613 1460 4750 amplectitur
1484 4652 1621 4716 ossa:

361 4783 530 4886 Omne
555 4824 717 4923 genus
742 4786 983 4924 quoniam
1006 4785 1192 4922 passim
1217 4784 1483 4886 simulacra
1507 4785 1761 4913 feruntur,

361 4954 553 5058 Partim
576 4980 758 5098 sponte
783 4997 873 5061 sua
897 4998 1016 5102 quae
1039 4962 1173 5063 fiunt
1195 4963 1311 5063 aere
1338 4962 1387 5062 in
1413 4963 1540 5102 ipso,
