4432 5984
375 429 475 527 lae
713 434 799 519 T..
841 426 1268 530 LUCRETII
1333 420 1544 513 CARI

373 690 474 791 Sed
501 713 670 817 tamen
699 687 777 789 his
803 711 909 788 esto
936 686 1166 827 quamvis
1190 683 1355 785 faeere
1380 682 1507 784 utile
1531 682 1748 819 eorpuS,
1892 736 1895 741 ·

374 863 528 985 Quod
558 840 801 987 subeant3
839 885 892 962 at
917 900 1020 1001 qua
1043 862 1255 999 possint,
1280 860 1362 961 via
1385 858 1528 959 nulla
1544 856 1799 957 videtur:

375 1037 528 1141 Haud
558 1039 715 1173 igitur
739 1037 934 1137 faciunt
960 1038 1142 1135 animae
1169 1032 1266 1133 sibi
1291 1070 1502 1170 corpora
1527 1054 1578 1132 et
1603 1054 1774 1133 artus.

373 1208 490 1313 Nee
516 1234 685 1310 tamen
711 1234 786 1310 est
811 1233 871 1312 ut
887 1211 996 1348 jam
1021 1207 1255 1348 perfectis
1280 1206 1600 1306 insinuentur

374 1381 717 1523 Corporibus:
756 1422 922 1522 neque
949 1385 1082 1485 enim
1110 1402 1354 1518 poterunt
1377 1380 1631 1483 subtiliter
1655 1420 1776 1483 esse
1809 1400 1812 1407 '

369 1556 659 1682 Connexae3
696 1596 866 1696 neque
892 1595 1139 1659 consensu
1166 1556 1403 1694 contagia
1427 1556 1568 1657 fient.
1696 1654 1699 1659 .

437 1729 677 1870 Denique
705 1770 796 1831 our
820 1733 946 1833 aeris
970 1731 1212 1833 violentia
1237 1731 1380 1830 triste
1405 1730 1612 1830 leonum

368 1904 651 2007 Semiuium
677 1906 907 2044 sequitur
922 1948 937 2030 3
977 1905 1124 2005 dolus
1151 1901 1403 2041 volpibuS,
1431 1923 1483 2001 et
1506 1900 1632 2039 fuga
1655 1902 1836 2005 cervis

369 2080 418 2180 A
443 2079 675 2219 patribus
702 2080 868 2201 datur,
897 2102 948 2179 et
972 2076 1166 2217 patrius
1190 2115 1348 2216 pavor
1370 2078 1549 2177 incitat
1573 2080 1746 2177 artus?
1893 2146 1898 2153 -

367 2254 440 2357 Et
457 2256 565 2393 jam
592 2279 776 2358 caetera
801 2256 865 2356 de
891 2292 1077 2395 genere
1104 2250 1215 2373 hoe,·
1242 2289 1335 2352 our
1359 2250 1529 2351 omnia
1552 2246 1803 2351 membris

367 2426 452 2529 Ex
480 2432 687 2530 ineunte
715 2469 822 2532 aevo
847 2428 1254 2577 ingenerasount,
1282 2427 1438 2563 inque
1463 2445 1744 2561 genuntur,

369 2600 552 2703 Sinon
579 2627 715 2706 certa
741 2643 831 2727 suo
858 2604 980 2743 quia
1005 2600 1192 2702 semine
1219 2600 1532 2739 seminioque

365 2774 459 2879 Vis
485 2780 639 2879 animi
664 2781 856 2917 pariter
880 2778 1057 2879 crescit
1082 2814 1198 2877 oum
1224 2813 1432 2913 corpore
1457 2778 1600 2878 toto?

367 2949 523 3071 Quod
551 2952 591 3052 si
616 2953 911 3053 immortalis
936 2951 1083 3071 foret,
1112 2974 1162 3050 et
1186 2973 1384 3051 mutare
1410 2950 1593 3050 soleret

368 3124 612 3264 Corpora,
638 3126 892 3263 permistis
918 3124 1196 3226 animantes
1222 3123 1446 3226 moribus
1471 3148 1668 3226 essent:

365 3297 633 3438 Effugeret
657 3302 795 3400 oanis
823 3297 1066 3437 Hyrcano
1093 3300 1156 3399 de
1183 3301 1370 3400 semine
1397 3337 1531 3439 saepe

367 3471 633 3614 Cornigeri
659 3462 918 3574 incursum
945 3474 1095 3592 cervi,
1122 3495 1462 3610 tremeretque
1489 3511 1583 3610 per
1607 3512 1761 3577 auras

364 3648 511 3749 Aeris
536 3649 775 3786 accipiter
799 3647 1001 3786 fugiens
1025 3649 1257 3749 veniente
1283 3648 1552 3750 columba:

365 3817 674 3958 Desiperent
698 3817 941 3940 homines,
970 3844 1205 3957 saperent
1229 3822 1337 3922 fera
1362 3826 1510 3925 saecla
1533 3824 1780 3931 ferarum.

435 3993 573 4094 Illud
601 3996 736 4094 enim
761 3995 887 4095 falsa
911 3994 1072 4095 fertur
1096 3999 1306 4117 ratione,
1334 3997 1473 4135 quod
1501 3997 1663 4115 aiunt,

365 4166 709 4271 Immortalem
735 4171 952 4271 animam
980 4192 1173 4269 mutato
1199 4209 1408 4309 corpore
1432 4173 1586 4276 flecti.
1732 4226 1736 4233 ·
1856 4178 1861 4187 '

367 4339 520 4461 Quod
548 4366 774 4444 mutatur
798 4346 950 4463 enirn,
979 4343 1294 4445 dissolvitur:
1333 4345 1507 4446 interit
1526 4383 1663 4483 ergo.

361 4514 707 4655 Trajioiuntur
731 4522 864 4655 enirn
890 4541 1074 4656 partes,
1102 4544 1256 4660 atque
1283 4520 1459 4620 ordine
1475 4520 1741 4658 migrant:

365 4686 539 4809 Quare
566 4690 767 4793 dissolvi
795 4731 1002 4832 quoque
1030 4693 1221 4795 debent
1243 4734 1389 4833 posse
1414 4733 1508 4832 per
1533 4717 1686 4816 artus,

364 4860 606 5003 Denique
631 4889 691 4967 ut
715 4869 964 4968 intereant
989 4909 1231 4971 unacum
1258 4911 1466 5010 corpore
1493 4894 1706 4979 cunctae.

363 5035 455 5140 Sin
480 5039 670 5142 animas
695 5040 961 5177 hominum
986 5043 1157 5147 dicent
1181 5048 1235 5148 in
1260 5085 1472 5187 corpora
1495 5024 1707 5186 semper
