4432 5984
777 415 1049 511 menn
1111 413 1461 509 saxeus·
1759 411 1864 529 aar

370 672 493 782 Non
521 680 560 779 si
588 674 822 816 Neptuni
849 679 1010 778 fluctu
1036 712 1276 777 renovare
1302 711 1511 812 operam
1538 674 1628 777 des
1643 715 1657 799 ;

370 849 510 972 Non,
539 890 674 952 mare
701 853 741 953 si
767 875 930 953 totum
948 849 1071 953 velit
1095 849 1263 950 eluere
1289 849 1524 951 omnibus
1549 848 1715 953 undis.

370 1023 612 1166 Denique
637 1066 716 1128 res
741 1065 864 1129 auro
889 1048 1155 1166 argentum
1183 1024 1487 1161 concopulat
1513 1065 1630 1148 uua,

369 1201 586 1341 AEriqne
611 1241 679 1302 aes
705 1202 916 1340 plumbo
935 1204 994 1303 fit
1018 1202 1092 1302 uti
1112 1198 1362 1336 jungatur
1387 1196 1452 1298 ab
1477 1198 1609 1300 albo.

372 1373 569 1476 Caetera
586 1376 694 1513 jam
720 1415 875 1516 quam
902 1379 1061 1478 multa
1078 1376 1196 1475 licet
1221 1374 1474 1511 reperirel
1514 1373 1640 1513 quid
1668 1379 1824 1514 ergol

371 1547 484 1652 Nec
509 1548 603 1651 tibi
628 1574 730 1650 tam
756 1552 922 1690 longis
950 1589 1081 1689 opus
1106 1570 1182 1648 est
1205 1546 1505 1686 ambagibus
1530 1588 1767 1690 usquam,

372 1720 426 1824 N
430 1763 487 1825 ec
511 1762 591 1825 me
622 1747 718 1824 tam
747 1727 956 1827 multam
976 1722 1057 1825 hlc
1083 1758 1287 1859 operam
1313 1759 1609 1825 consumere
1635 1762 1730 1863 pur
1754 1748 1859 1830 estt

371 1898 468 2000 Sed
499 1900 722 2001 breviter.
741 1903 915 2039 paucis
939 1923 1148 2038 praestat
1166 1898 1717 2037 comprendere‘multa.

442 2074 676 2196 Quorum
701 2077 771 2177 ita
797 2099 1014 2176 texturae
1040 2075 1334 2176 ceciderunt
1359 2097 1538 2177 mutua
1562 2099 1756 2200 contra,

370 2248 446 2355 Ut
470 2290 590 2351 cava
615 2253 916 2352 conveniant
939 2249 1103 2388 plenis
1129 2245 1241 2350 haec
1265 2249 1418 2371 illius,
1445 2251 1533 2353 illa

371 2424 420 2526 H
430 2426 673 2562 ujusque:
714 2428 846 2526 inter
870 2464 921 2526 se
938 2426 1182 2564 junctura
1206 2422 1388 2524 horum
1406 2429 1599 2563 optima
1624 2447 1836 2533 constat.

374 2600 467 2702 Est
492 2604 659 2723 etiam,
689 2604 833 2740 quasi
859 2624 918 2702 ut
942 2600 1172 2719 annellis,
1200 2598 1465 2740 hamisque
1491 2604 1679 2740 plicata

373 2773 399 2875 I
405 2800 516 2877 uter
541 2816 592 2876 se
619 2775 856 2915 quaedam
878 2753 1073 2915 posunt
1098 2775 1298 2913 coplata
1322 2778 1514 2878 teneri:

376 2948 530 3070 Quod
558 2952 716 3088 magis
741 2951 795 3049 in
820 2948 990 3087 lapide
1016 2947 1112 3049 hoc
1138 2950 1247 3052 fieri
1273 2950 1510 3093 ferroque
1534 2955 1753 3061 videtur.

363 3144 368 3151 '
446 3124 499 3228 N
506 3165 618 3245 unc,
646 3126 772 3250 ratio
799 3163 916 3264 quae
942 3125 1006 3223 sit
1030 3123 1237 3245 morbis,
1261 3094 1355 3227 'aut
1378 3129 1518 3229 unde
1543 3155 1754 3268 repente

374 3297 690 3402 Mortiferam
718 3299 877 3437 possit
903 3299 1097 3399 cladem
1123 3300 1342 3401 conflare
1368 3324 1539 3404 coorta

374 3472 615 3576 Morbida
639 3475 712 3576 vis
738 3473 999 3576 hominum
1026 3479 1219 3613 generi,
1246 3479 1607 3619 pecudumque
1632 3483 1859 3604 catervis,

374 3647 677 3789 Expediam.
750 3644 977 3749 Primum
1003 3650 1278 3752 multarum
1305 3653 1495 3752 semina
1519 3690 1690 3755 rerum

375 3826 499 3928 Esse
525 3865 678 3964 supra
703 3825 869 3944 docui,
899 3863 1015 3963 quae
1041 3825 1142 3924 sint
1165 3824 1333 3925 vitalia
1361 3825 1534 3926 nobis:

375 4000 445 4102 Et
469 4024 658 4120 contra,
687 4038 803 4138 quae
829 4001 930 4099 sint
954 3997 1145 4120 morbo,
1174 4002 1444 4138 mortique,
1472 4038 1673 4102 necesse
1700 4024 1776 4102 est

353 4142 546 4278 'Multa
568 4176 767 4300 volare3
806 4214 865 4275 ea
890 4213 1046 4314 quom
1071 4214 1188 4276 casu
1217 4198 1334 4276 sunt
1359 4174 1489 4275 forte
1515 4199 1699 4297 coorta,

374 4351 444 4453 Et
469 4348 833 4489 perturbarunt
859 4351 1056 4469 coelum,
1084 4348 1145 4449 fit
1169 4347 1430 4449 morbidus
1457 4351 1559 4453 aer.
1648 4327 1652 4336 ⁵

374 4529 546 4665 Atque
573 4526 728 4625 cavis
754 4527 914 4625 omnis
940 4523 1248 4645 morborum,
1276 4525 1644 4663 pestilitasque,

374 4704 483 4806 Ant
507 4701 835 4820 extrinsecus,
862 4725 921 4802 ut
947 4699 1109 4805 nubes
1135 4698 1440 4837 nebulaeque
1466 4737 1683 4838 superne

375 4878 476 4979 Per
500 4880 682 4979 coelum
709 4880 936 4999 veniunt,
963 4901 1050 4978 aut
1075 4886 1184 5022 ipsa
1209 4920 1344 5020 saepc
1370 4905 1540 4986 coorta

377 5052 460 5157 De
486 5075 620 5156 terra
645 5077 877 5191 snrgunt,
906 5053 992 5154 ubi
1021 5082 1280 5194 putrorem
1308 5055 1519 5160 humida
1544 5078 1692 5160 nacta
1718 5080 1810 5178 est,
