4432 5984
375 350 473 495 ros
696 354 756 443 r.
824 346 1256 443 Lucunrrr
1323 353 1536 445 esur

373 608 818 715 Innumerabiliter
840 610 1007 746 privas
1032 630 1258 711 mutatur
1282 611 1332 712 in
1360 610 1524 715 horas.

372 784 585 922 Semper
608 784 743 884 enim
770 783 1114 923 quodcunque
1138 784 1254 883 fluit
1279 783 1342 884 de
1367 784 1536 905 rebus,
1561 786 1614 886 id
1640 824 1798 889 omne
1928 844 1931 849 ,

370 962 517 1062 Aeris
541 960 591 1058 in
619 996 858 1096 magnum
886 956 1049 1058 fertur
1073 994 1239 1057 mare:
1278 959 1370 1097 qui
1397 960 1491 1059 nisi
1516 982 1691 1061 contra

372 1133 601 1272 Corpora
625 1130 874 1232 retribuat
895 1129 1064 1249 rebus,
1090 1153 1382 1269 recreetque
1407 1132 1659 1253 fluenteis,

372 1309 562 1411 Omnia
576 1306 683 1445 jam
711 1306 930 1407 resoluta
954 1305 1136 1422 forent,
1163 1324 1214 1401 et
1239 1304 1290 1402 in
1318 1306 1435 1405 aera
1457 1344 1628 1407 versa:

371 1482 528 1585 Haud
555 1482 713 1619 igitur
737 1500 896 1579 cessat
919 1478 1063 1615 gigni
1090 1474 1347 1597 derebus,
1375 1480 1502 1578 etin
1531 1518 1609 1579 res

369 1656 614 1760 Recidere
640 1652 867 1771 adsidue,
895 1651 1132 1789 quoniam
1159 1650 1319 1749 fluere
1344 1653 1513 1752 omnia
1538 1675 1748 1755 constat.

439 1830 637 1968 Largus
662 1829 783 1926 item
807 1824 991 1964 liquidi
1017 1822 1128 1923 fons
1152 1824 1372 1943 luminis,
1400 1824 1638 1925 aetherius
1663 1826 1736 1925 sol

367 2004 565 2144 lnrigat.
589 2001 800 2103 adsidue
826 1999 1007 2099 coelum
1032 1995 1248 2098 candore
1274 2000 1479 2118 recenti,

368 2178 778 2318 Suppeditatque
805 2210 933 2272 novo
957 2169 1223 2273 confestim
1249 2174 1441 2274 lumine
1466 2177 1670 2302 lumen3

367 2354 504 2455 Nam
531 2354 751 2491 primum
777 2345 1032 2486 quidquid
1059 2345 1271 2485 fulgoris
1291 2349 1501 2486 disperit
1526 2349 1608 2487 eij,

368 2524 692 2662 Quocunque
719 2517 929 2621 accidit:
969 2515 1023 2616 id
1048 2518 1167 2619 licet
1191 2519 1308 2622 hinc
1334 2560 1634 2659 cognoscere
1659 2530 1847 2662 possis,

368 2701 520 2824 Quod
550 2700 699 2801 simul
726 2736 783 2798 ac
808 2696 1031 2833 primum
1057 2694 1218 2794 nubes
1243 2695 1509 2796 succedere
1535 2698 1626 2799 soli

366 2879 595 3018 Coepere,
622 2897 674 2976 et
699 2874 865 2973 radios
890 2872 1023 2970 inter
1047 2870 1191 3009 quasi
1218 2906 1454 3007 rumpere
1481 2870 1622 2991 lucis,

366 3051 640 3189 Extemplo
666 3046 871 3147 inferior
894 3082 1011 3183 pars
1037 3042 1216 3143 horum
1243 3044 1452 3180 disperit
1477 3048 1654 3166 omnis,

363 3224 624 3363 Terraque
647 3218 986 3336 inumbratur,
1014 3255 1117 3355 qua
1143 3206 1300 3318 nimbi
1328 3246 1531 3358 cunque
1556 3219 1833 3351 feruntur3

364 3400 440 3505 Ut
464 3436 636 3501 noscas
662 3394 930 3533 splendore
956 3430 1086 3492 novo
1111 3432 1191 3492 res
1217 3430 1414 3529 semper
1438 3430 1605 3529 egere,
1699 3438 1703 3445 ·

369 3575 434 3676 Et
459 3577 680 3713 primum
698 3571 892 3708 jactum
917 3568 1130 3704 fulgoris
1156 3604 1412 3706 quemque
1440 3567 1634 3702 perire;
1690 3652 1693 3657 .

367 3747 481 3849 Nec
507 3745 700 3846 ratione
725 3742 823 3842 alia
847 3780 925 3840 res
949 3779 1095 3878 posse
1120 3742 1170 3839 in
1199 3741 1302 3839 sole
1327 3739 1503 3860 videri,

366 3920 621 4058 Perpetuo
646 3918 697 4016 ni
726 3915 1018 4052 suppeditet
1042 3916 1166 4015 lucis
1192 3938 1346 4052 capnt
1373 3916 1555 4050 ipsum.

437 4091 575 4213 Quin
603 4093 752 4191 etiam
780 4112 1027 4189 nocturna
1051 4087 1163 4208 tibi,
1189 4091 1443 4189 terrestria
1469 4127 1587 4228 quae
1613 4114 1747 4215 sunt,

368 4267 602 4384 Lumina,
629 4264 908 4402 pendentes
933 4261 1124 4401 lychni,
1151 4265 1402 4402 claraeque
1429 4267 1646 4369 coruscis

364 4438 690 4579 Fulguribus,
717 4440 934 4576 pingues
959 4439 1119 4538 multa
1144 4439 1358 4575 caligine
1383 4438 1532 4558 tedae,

368 4615 626 4719 Consimili
656 4635 930 4749 properant
954 4614 1164 4731 ratione,
1192 4611 1371 4712 ardore
1397 4614 1641 4735 ministro,
1804 4600 1813 4607 ’

366 4791 705 4933 Suppeditare
730 4828 915 4890 novum
943 4792 1133 4909 lumen,
1161 4810 1374 4887 tremere
1399 4788 1605 4924 ignibus
1631 4788 1867 4901 instant·

1851 4880 1868 4927 2

367 4970 580 5089 lostant,
608 5005 699 5067 nec
724 4967 834 5065 loca
856 4965 946 5066 lux
973 4965 1106 5065 inter
1130 4963 1275 5104 quasi
1299 4984 1452 5099 rupta
1477 4963 1752 5103 relinquit:
