4432 5984
648 359 921 450 LIBER
985 359 1461 455 ssscrxnt's.
1724 366 1793 459 55

300 613 454 736 Quod
478 654 659 755 genus,
685 661 715 720 e
740 644 913 721 nostro
940 658 1096 759 quom
1123 622 1301 722 missus
1325 662 1536 761 corpore
1560 630 1767 765 sanguis

299 788 500 892 Emicat
522 795 783 894 exsultans
807 795 926 913 alte,
953 796 1250 933 spargitque
1275 836 1522 898 cruorem.

298 962 488 1066 Nonne
511 969 653 1068 rides
678 970 847 1087 etiam,
874 989 1067 1106 quanta
1091 970 1137 1067 ri
1158 971 1299 1107 tigna
1326 970 1613 1111 trabeisque

297 1136 525 1277 Respuat
535 1140 717 1242 humor
729 1145 905 1280 aquae?
925 1180 1041 1240 nam
1051 1180 1204 1279 quam
1220 1148 1608 1283 magisursimus
1622 1152 1785 1253 altum

296 1308 522 1433 Directa,
548 1338 599 1413 et
622 1354 807 1453 magna
830 1317 878 1413 vi
904 1316 1053 1414 multi
1079 1319 1352 1452 pressimus
1376 1358 1529 1456 aegre,

292 1482 420 1587 Tam
445 1488 630 1625 cupide
656 1528 854 1589 sursum
880 1491 1095 1589 revomit
1119 1493 1294 1628 magis,
1321 1515 1476 1630 atque
1500 1499 1729 1619 remittit,

295 1661 419 1763 Plus
443 1688 504 1763 ut
526 1688 670 1803 parte
694 1665 829 1765 foras
853 1687 1133 1803 emergant,
1160 1666 1530 1804 exsiliantque:

295 1836 410 1938 Nec
425 1862 594 1939 tamen
612 1839 735 1959 baec,
754 1863 1004 1977 quantum
1020 1860 1096 1939 est
1109 1842 1162 1938 in
1177 1877 1247 1959 se,
1257 1838 1565 1961 dubitamus,
1581 1847 1778 1982 opinor,

294 2011 436 2134 Quin
460 2053 676 2116 vacuum
701 2053 797 2153 per
820 2017 971 2114 inane
996 2015 1232 2113 deorsum
1257 2036 1439 2113 cuncta
1462 2013 1706 2122 ferantur.

188 2258 201 2272 -
293 2187 377 2289 Sic
394 2191 554 2327 igitur
576 2188 767 2289 debent
784 2190 1004 2288 flammae
1028 2223 1236 2326 quoque
1260 2224 1408 2324 posse
1431 2225 1525 2325 per
1547 2227 1695 2293 auras

288 2364 438 2463 Aeris
462 2402 715 2501 expressae
738 2402 938 2464 sursum
964 2362 1265 2486 succedere;
1301 2400 1614 2503 quamquam

290 2533 539 2657 Pondera,
556 2539 874 2676 quantumin
889 2574 941 2636 se
955 2561 1048 2657 est,
1064 2538 1300 2639 deorsum
1314 2538 1565 2642 deducere
1579 2567 1834 2683 pugnent:

289 2707 683 2849 Nocturnasque
707 2711 842 2812 faces
866 2712 977 2810 coeli
997 2709 1211 2811 sublime
1234 2713 1479 2814 volanteis
1576 2766 1584 2779 ·

288 2881 479 2983 Nonne
499 2885 636 2985 vides
659 2885 838 3021 longos
861 2887 1178 2985 flammarum
1197 2887 1382 2987 ducere
1407 2910 1615 3010 tractus,

284 3054 348 3157 ln
375 3096 707 3199 quascunque
735 3059 878 3159 dedit
901 3060 1087 3195 parteis
1111 3082 1294 3159 natura
1317 3066 1570 3163 meatum!

284 3229 411 3332 Non
436 3233 617 3332 cadere
639 3236 693 3333 in
718 3254 904 3333 terram
930 3231 1114 3352 stellas,
1139 3254 1193 3333 et
1216 3233 1380 3334 sidera
1403 3237 1597 3336 cernisl

283 3404 373 3506 Sol
399 3407 551 3506 etiam
576 3444 772 3507 summo
795 3407 866 3505 de·
883 3408 1068 3507 vertice
1093 3407 1322 3543 dissupat
1346 3410 1538 3508 omneis

272 3580 534 3678 .Ardorem
558 3582 609 3679 in
635 3581 840 3717 parteis
864 3602 916 3679 et
939 3581 1130 3680 lumine
1155 3581 1373 3683 conserit
1396 3616 1546 3702 arva;

279 3749 343 3851 ln
368 3775 530 3852 terras
553 3755 710 3890 igitur
734 3790 941 3890 quoque
966 3752 1083 3851 solis
1107 3753 1335 3889 vergitur
1359 3751 1526 3853 ardor.

275 3923 710 4065 Transversosque
734 3927 902 4025 volare
925 3962 1019 4062 per
1038 3923 1225 4025 imbres
1247 3923 1461 4023 fulmina
1484 3932 1682 4035 cernis:

277 4099 439 4203 Nunc
465 4098 581 4201 binc
606 4137 742 4200 nunc
766 4100 904 4198 illinc
928 4096 1132 4233 abrupti
1157 4095 1383 4196 nubibus
1408 4100 1556 4236 ignes

278 4272 614 4392 Concursant,
640 4272 776 4373 cadit
799 4275 852 4373 in
875 4296 1034 4372 terras
1058 4272 1132 4369 vis
1155 4271 1391 4370 flammea
1415 4275 1588 4416 volgo.

344 4445 487 4547 Illud
511 4448 564 4546 in
588 4445 673 4546 bis
693 4484 903 4584 quoque
928 4467 981 4545 te
1001 4441 1154 4543 rebus
1179 4481 1484 4580 cognoscere
1512 4494 1745 4563 aremus:

275 4619 506 4758 Corpora
529 4656 687 4758 quom
710 4618 943 4720 deorsum
965 4638 1164 4717 rectum
1187 4654 1282 4754 per
1307 4620 1463 4729 inane
1487 4630 1747 4755 feruntur,

271 4792 601 4897 Ponderibus·
618 4794 835 4932 propriis
859 4795 1051 4894 incerto
1076 4812 1309 4928 tempore
1335 4797 1519 4931 ferme,

268 4965 587 5110 Incertisque
612 4966 734 5069 locis
756 4968 918 5108 spatio
941 5005 993 5068 se
1018 4966 1212 5107 pellere
1237 4976 1512 5113 paullum:
