1379 1963
496 301 530 325 82
665 303 695 325 T.
727 302 941 326 LUCRETII
972 302 1079 325 CARI

498 367 615 398 Quarum
628 367 664 393 nil
677 377 764 393 rerum
776 368 803 393 in
815 367 892 402 lignis
904 367 1039 402 glebisque
1050 366 1178 393 videmus.

498 410 533 436 Et
540 417 625 436 tamen
633 410 688 436 haec
696 421 775 446 quom
785 416 845 437 sunt
849 411 922 446 quasi
931 411 1075 445 putrefacta
1082 419 1128 445 per
1134 409 1244 435 imbreit

497 454 657 480 vermiculos
666 455 778 489 pariunt,
792 455 853 489 quia
865 463 971 489 corpora
983 454 1097 479 materiai

497 498 619 533 Antiquis
632 508 664 523 ex
676 497 809 523 ordinibus
822 504 937 532 permota
949 507 1014 523 nova
1025 507 1061 528 re,

499 540 674 567 Conciliantur
687 542 731 572 ita,
744 548 774 567 ut
787 541 883 567 debent
894 542 1012 567 animalia
1023 541 1104 576 gigni.

533 584 635 610 Deinde
648 594 680 610 ex
693 585 827 611 sensilibus
840 594 918 620 quom
931 585 1021 610 sensile
1034 594 1107 619 posse
1120 585 1207 610 creari

499 628 672 659 constituunt,
686 638 770 663 porro,
783 638 815 654 ex
827 629 882 654 aliis
895 629 987 653 sentire
997 628 1071 658 sueti,

499 671 590 697 Mollia
603 678 658 697 tum
671 672 782 698 faciunt:
802 682 860 697 nam
873 681 960 697 sensus
969 672 1090 706 jungitur
1101 671 1185 697 omnis

497 715 653 746 Visceribus,
666 716 757 746 nervis,
767 716 845 746 venis,
859 724 1022 750 quaecunque
1034 715 1150 740 videmus

499 759 590 785 Mollia
603 760 702 785 mortali
715 759 850 785 consistere
863 768 967 793 corpore
980 764 1056 784 creta.

535 803 585 828 Sed
599 809 684 829 tamen
697 809 752 831 esto
757 803 811 838 jam
823 812 896 837 posse
910 802 965 828 baeo
977 808 1073 827 aeterna
1085 812 1189 829 manere
1199 813 1206 829 :

499 846 602 881 Nempe
615 853 700 872 tamen
713 846 808 872 debent
820 852 864 872 aut
876 855 977 872 sensum
989 846 1069 880 partis
1081 846 1185 877 babere,

499 890 554 916 Aut
566 891 658 916 similia
669 890 729 916 totis
741 889 892 916 animalibus
904 899 957 915 esse
970 890 1054 925 putari
1065 900 1070 915 ε

498 934 535 960 At
547 940 676 969 nequeant
688 944 735 971 per
747 944 773 960 se
786 940 871 969 partes
883 934 985 964 sentire,
998 943 1044 959 nec
1054 943 1116 960 esse.

500 978 621 1013 Namque
634 978 711 1003 aliflm
725 988 812 1004 sensus
824 978 995 1004 membrorum
1008 988 1048 1004 res
1060 979 1126 1013 petit
1136 979 1223 1005 omnis
1233 990 1241 1006 z

500 1022 558 1048 Nec
570 1032 659 1048 manus
672 1032 687 1047 a
699 1022 772 1047 nobis
784 1023 851 1057 potis
863 1028 901 1048 est
914 1028 1017 1053 secreta,
1031 1032 1116 1057 neque
1129 1022 1182 1048 ulla
1212 1048 1215 1052 ,

501 1064 621 1100 Corporis
634 1065 737 1090 omnino
750 1075 851 1091 sensum
863 1076 922 1101 pars
934 1066 987 1091 sola
999 1071 1093 1091 tenere.

500 1108 649 1144 Linquitur,
662 1114 692 1134 ut
703 1109 763 1134 totis
776 1109 926 1135 animalibus
939 1109 1121 1140 adsimilentur,

499 1152 579 1178 Vitali
593 1158 621 1177 ut
634 1152 731 1187 possint
743 1153 883 1178 consentire
895 1153 1011 1188 undique
1023 1162 1106 1179 sensu.

501 1197 555 1227 Qui
565 1202 683 1231 poterunt
697 1196 777 1231 igitur
789 1206 873 1222 rerum
885 1196 1025 1232 primordia
1036 1196 1095 1227 dici,

501 1240 535 1266 Et
548 1240 610 1265 lethi
623 1240 702 1265 vitare
715 1240 774 1271 vias,
788 1241 905 1266 animalia
914 1250 992 1276 quom
1005 1240 1063 1270 sint,

500 1278 588 1319 Atque
597 1283 749 1309 animalibus
762 1284 812 1309 sint
824 1284 972 1310 mortalibus
986 1293 1036 1309 una
1049 1283 1208 1319 eademque!

537 1328 613 1358 Quod
629 1333 712 1353 tamen
726 1333 755 1352 ut
766 1328 864 1362 possint
871 1338 878 1359 ;
897 1327 929 1353 ab
942 1333 1008 1353 coetu
1021 1328 1187 1363 concilioque,

502 1372 549 1398 Nil
561 1372 661 1402 facient,
675 1377 769 1406 praeter
780 1371 882 1406 volgum
896 1371 1050 1407 turbamque
1062 1372 1223 1398 animantum
1235 1384 1242 1399 :

502 1415 604 1441 Scilicet
615 1421 645 1440 ut
657 1421 785 1450 nequeant
797 1414 919 1445 homines,
933 1421 1053 1446 armenta,
1066 1416 1186 1451 feraeque,

502 1458 573 1484 Inter
585 1468 637 1484 sese
650 1459 728 1484 ullam
740 1467 794 1483 rem
806 1458 911 1493 gignere
924 1459 1100 1485 conveniundo
