4432 5984
357 281 427 385 ⁸6
692 291 762 379 u.
830 285 1263 419 Lucanum
1325 286 1540 381 caer

360 548 421 652 ld
450 587 653 651 rursum
678 550 790 652 coeli
816 549 1052 651 rellatum
1066 546 1259 686 templa
1280 570 1542 687 receptant
1554 590 1569 673 3

360 724 475 828 Nec
501 727 571 827 sic
596 727 844 827 interimit
867 760 1003 825 mors
1028 759 1124 844 res,
1152 744 1209 823 ut
1234 723 1461 823 materiai

361 898 591 1040 Corpora
615 900 865 1021 conficiat,
893 898 982 999 sed
1001 922 1185 1001 coetum
1212 897 1440 1033 dissupat
1463 895 1602 998 ollis:

359 1073 491 1176 Inde
519 1076 629 1175 aliis
655 1074 792 1175 aliud
822 1074 1105 1212 conjungit,
1131 1093 1183 1173 et
1207 1071 1376 1193 efficit,
1402 1109 1576 1173 omnes

359 1248 462 1351 Res
487 1272 548 1351 ut
572 1272 868 1351 convertant
892 1248 1094 1367 formas,
1115 1268 1416 1386 mutentque
1442 1246 1651 1367 colores,

360 1422 432 1526 Et
448 1426 652 1563 capiant
675 1462 866 1544 sensus,
893 1446 945 1522 et
968 1442 1162 1560 puncto
1186 1442 1412 1558 tempore
1437 1421 1689 1524 reddant:

360 1594 437 1701 Ut
461 1636 636 1699 noscas
661 1597 866 1717 referre,
894 1596 1073 1697 eadem
1098 1593 1377 1732 primordia
1400 1632 1568 1697 rerum

210 1848 214 1855 -
364 1770 497 1875 Cum
524 1771 728 1912 quibus,
755 1793 806 1871 et
832 1770 972 1911 quali
998 1769 1225 1907 positura
1248 1769 1615 1891 contineantur,

362 1945 431 2048 Et
456 1985 584 2087 quos
603 1950 736 2049 inter
760 1986 812 2049 se
838 1947 964 2046 dent
987 1962 1170 2060 motus,
1198 1942 1580 2083 accipiantque:
1745 2032 1748 2037 .

361 2119 538 2258 (Neve
556 2144 707 2259 putes
733 2143 922 2222 aeterna
946 2153 1103 2254 penes
1128 2115 1346 2263 residere
1371 2138 1569 2253 potesse

363 2293 590 2435 Corpora
607 2296 790 2433 prima,
817 2291 955 2432 quod
982 2292 1034 2391 in
1062 2289 1269 2390 summis
1293 2290 1493 2391 fluitare
1516 2292 1755 2398 videmus

361 2464 554 2590 Rebus,
583 2490 634 2568 et
652 2467 911 2569 interdum
936 2465 1090 2584 nasci,
1119 2461 1391 2603 subitoque
1414 2469 1581 2604 perire
1599 2470 1642 2603 z)
1790 2496 1794 2501 ·

363 2641 504 2763 Quin
532 2647 684 2748 etiam
709 2643 866 2745 refert
890 2639 1074 2739 nostris
1093 2639 1144 2737 in
1170 2636 1396 2739 versibus
1420 2641 1558 2776 ipsis,

363 2815 493 2918 Cum
522 2817 727 2958 quibus,
749 2839 800 2916 et
826 2813 966 2954 quali
993 2813 1095 2911 sint
1118 2810 1295 2913 ordine
1322 2850 1544 2951 quaeque
1570 2816 1753 2921 locata.
1851 2820 1858 2827 ’

362 2990 605 3132 Namque
630 2992 807 3093 eadem
834 2990 1032 3108 coelum,
1062 3024 1214 3107 mare,
1245 3010 1414 3110 terras,
1440 2993 1669 3115 flumina,
1692 2999 1877 3103 solem

362 3165 692 3307 Significant:
732 3166 910 3266 eadem
935 3164 1127 3301 fruges.
1153 3161 1374 3285 arbusta,
1400 3166 1727 3269 animanteis:
1792 3218 1799 3265 .·

362 3341 539 3443 Sinon
565 3341 734 3440 omnia
760 3341 875 3459 sint,
905 3361 958 3438 at
983 3338 1144 3436 multo
1170 3338 1390 3439 maxima
1404 3377 1523 3478 pars
1547 3366 1624 3443 est

363 3513 681 3616 Consimilis:
719 3550 896 3613 verum
921 3513 1151 3648 positura
1175 3510 1506 3650 discrepitant
1529 3513 1655 3618 haec.

363 3687 446 3789 Sic
473 3689 593 3827 ipsis
618 3689 670 3787 in
698 3683 850 3785 rebus
876 3686 997 3785 item
1018 3685 1124 3823 jam
1149 3689 1377 3788 materiai

361 3857 650 3982 Intervalla,
676 3862 788 3979 viae,
817 3896 1091 3981 connexus,
1120 3859 1361 3998 pondera,
1388 3826 1570 3999 plagae,

364 4029 669 4154 Concursus,
696 4054 878 4152 motus,
905 4032 1046 4154 ordo,
1074 4035 1316 4170 positura,
1343 4035 1528 4173 figurae

364 4203 536 4328 Quom
561 4230 936 4345 permutantur,
962 4212 1147 4309 mutari
1172 4246 1252 4309 res
1279 4246 1486 4348 quoqne
1501 4209 1707 4317 debent.

434 4378 591 4482 Nunc
618 4383 842 4481 animum
867 4381 1014 4484 nobis
1039 4381 1228 4483 adhibe
1251 4420 1421 4482 veram
1446 4384 1511 4483 ad
1536 4388 1829 4500 rationem:

366 4549 503 4653 Nam
529 4553 624 4654 tibi
649 4552 975 4656 vehementer
999 4594 1130 4657 nova
1153 4594 1233 4655 res
1252 4556 1459 4657 molitur
1482 4559 1547 4658 ad
1573 4564 1739 4664 aureis

362 4723 624 4847 Accidere,
652 4749 704 4827 et
727 4764 858 4829 nova
884 4765 937 4828 se
964 4730 1156 4867 species
1181 4730 1445 4831 ostendere
1470 4772 1656 4840 rerum.

365 4898 465 5002 Sed
492 4939 662 5041 neque
686 4926 792 5004 tam
817 4902 977 5006 facilis
1002 4942 1083 5007 res
1108 4904 1213 5007 ulla
1241 4927 1330 5027 est,
1359 4909 1485 5046 quin
1510 4947 1570 5010 ea
1593 4913 1830 5050 primum
