4432 5984
747 354 1022 447 LIBER
1085 360 1484 452 TERTIUS·
1773 366 1871 472 109

371 606 638 749 Temporis
663 614 901 751 exiguam
927 636 1120 751 partem
1148 654 1265 754 pars
1290 619 1397 719 ulla
1421 622 1635 748 animai'3

373 783 472 885 Sed
502 825 668 888 comes
692 789 981 927 insequitur
1006 789 1168 912 facile,
1195 815 1246 891 et
1271 793 1487 897 discedit
1510 799 1563 897 in
1582 838 1746 924 auraS,

371 956 440 1058 Et
464 961 660 1099 gelidos
685 984 823 1062 artus
849 964 899 1063 in
926 962 1051 1064 lethi
1072 964 1264 1103 ,frigore
1290 967 1493 1108 linquit.

367 1133 439 1235 At
462 1161 634 1237 manet
657 1139 708 1237 in
734 1139 853 1257 vita,
881 1140 1005 1279 quoi
1029 1177 1171 1239 mens
1197 1143 1499 1280 animusque
1525 1151 1781 1270 remansit,

369 1311 615 1433 Quamvis
640 1340 718 1417 est
742 1315 1094 1417 circum-caesis
1119 1316 1253 1415 lacer
1276 1317 1508 1454 undique
1535 1323 1805 1426 membris:

362 1482 615 1613 Truncus,
643 1494 844 1601 ademta
868 1493 1036 1591 anima
1054 1492 1261 1610 circum,
1280 1492 1624 1633 membrisque
1644 1500 1865 1621 remotis,

363 1661 520 1786 Vivit,
547 1688 600 1767 et
623 1665 854 1767 aetherias
881 1664 1075 1766 vitaleis
1102 1666 1233 1765 succi
1241 1667 1316 1805 pit
1336 1704 1513 1767 auras:

366 1836 420 1938 Si
447 1879 552 1940 non
578 1841 896 1960 omnimodis,
925 1863 977 1939 at
1000 1879 1186 1979 magna
1209 1863 1355 1976 parte
1382 1844 1568 1944 animai

365 2011 615 2136 Privatus,
632 2038 801 2117 tamen
827 2016 879 2115 in
905 2016 1009 2115 vita
1034 2038 1305 2117 cunctatur
1329 2039 1380 2116 et
1405 2014 1583 2124 haeret.

364 2184 439 2289 Ut
464 2189 680 2290 lacerato
708 2189 858 2290 oculo
883 2190 1070 2290 circum
1100 2190 1140 2290 si
1167 2190 1364 2330 pupula
1383 2184 1569 2292 mansit

365 2360 657 2484 Incolumis,
684 2386 784 2465 stat
808 2363 1050 2465 cernendi
1074 2364 1238 2464 vivata
1262 2387 1518 2503 potestas3

365 2536 661 2641 Dummodo
685 2579 750 2640 ne
774 2562 939 2641 totum
966 2575 1260 2673 corrumpas
1286 2537 1491 2639 luminis
1517 2537 1709 2665 orbem,

365 2709 467 2813 Sed
495 2714 871 2817 circum-caedas
896 2713 1072 2832 aciem,
1100 2712 1360 2850 solamque
1384 2712 1675 2852 relinquas3

363 2885 424 2991 Id
453 2930 661 3031 quoque
687 2892 824 2990 enim
850 2890 956 2991 sine
982 2889 1206 3027 pernicie
1232 2888 1418 2989 conflet
1443 2927 1652 2992 eorum:

360 3064 433 3167 At
457 3067 496 3168 si
521 3066 720 3167 tantula
743 3103 860 3203 pars
884 3063 1019 3164 oculi
1045 3061 1212 3162 media
1237 3062 1323 3160 illa
1347 3099 1526 3197 peresa
1551 3085 1644 3183 est,

361 3237 636 3342 Incolumis
663 3241 891 3380 quamvis
916 3239 1106 3377 alioqui
1127 3238 1424 3378 splendidus
1448 3234 1607 3356 orbis,

364 3409 569 3513 Occidit
595 3413 852 3549 extemplo
877 3411 1068 3530 lumen,
1088 3412 1419 3550 tenebraeque
1446 3433 1765 3549 sequuntur:

363 3584 481 3690 Hoc
508 3588 675 3688 anima
699 3609 854 3726 atque
881 3586 1259 3707 animusuincti
1286 3608 1406 3687 sunt
1431 3584 1619 3687 foedere
1645 3625 1859 3727 semper.

431 3760 587 3864 Nunc
612 3800 723 3901 age,
749 3762 944 3862 nativos
970 3761 1311 3862 animantibus
1338 3783 1389 3861 et
1413 3760 1669 3860 mortaleis

362 3936 485 4039 Esse
512 3936 705 4036 animos
730 3934 1025 4076 animasque
1051 3937 1204 4038 leveis
1229 3958 1288 4035 ut
1314 3972 1524 4036 noscere
1549 3935 1744 4074 possis;

363 4110 664 4251 Conquisita
687 4108 795 4227 diu,
822 4108 1064 4249 dulcique
1089 4133 1294 4249 reperta
1318 4107 1490 4209 labore

362 4286 538 4427 Digna
564 4309 653 4386 tua
677 4323 889 4424 pergam
915 4285 1183 4422 disponere
1211 4283 1433 4383 carmina
1456 4282 1576 4383 vita.

357 4461 440 4566 Tu
467 4463 544 4564 fac
570 4484 847 4598 utrumque
867 4498 971 4561 uno
997 4456 1276 4595 subjungas
1303 4495 1485 4558 nomen
1513 4495 1710 4578 eorum,

356 4639 533 4779 Atque
559 4639 796 4755 animam,
822 4633 963 4735 verbi
989 4669 1155 4752 eausa,
1185 4670 1340 4771 quom
1367 4633 1534 4735 dicere
1561 4668 1788 4770 pergam,

359 4812 640 4915 Mortalem
656 4850 762 4913 esse
779 4812 982 4929 docens,
1003 4809 1228 4909 animum
1249 4846 1461 4947 quoque
1477 4805 1645 4905 dicere
1661 4802 1862 4928 credas;

363 4989 632 5113 Quatenus
656 5013 733 5095 cst
761 5025 919 5093 unum
944 4985 1078 5089 inter
1102 5022 1176 5108 sc,
1201 4982 1575 5127 conjunctaque
1600 5015 1680 5080 res
1707 4998 1803 5083 est.
1852 5042 1855 5051 ·
