4432 5984
692 317 970 484 trouu
1022 345 1519 464 sncunuus.
1788 317 1852 469 oi

282 748 285 751 ι
372 617 486 723 Neo
512 645 866 761 materposset
889 627 1115 763 prolem3
1142 627 1281 766 quod
1306 664 1453 766 posse
1476 630 1724 753 ridemus,

370 793 484 896 Nec
500 797 675 899 'minus
700 821 855 936 atque
880 799 1108 902 homines
1133 803 1266 903 inter
1291 841 1341 904 se
1366 827 1487 926 nota
1510 807 1694 908 cluere.

370 967 507 1071 Nam
527 1008 663 1110 saepe
679 994 804 1089 ante
830 972 983 1077 detlm
1007 974 1198 1077 vitulus
1216 974 1431 1080 delubra
1455 981 1639 1085 decora
1664 1069 1673 1088 .
1834 1037 1837 1048 ¹

366 1146 683 1251 Turieremas
706 1173 919 1290 propter
943 1171 1187 1250 mactatus
1212 1153 1432 1254 concidit
1456 1193 1582 1276 aras,
1731 1253 1738 1263 .

370 1322 642 1465 Sanguinis
666 1331 928 1467 exspirans
954 1328 1175 1429 calidum
1202 1324 1266 1425 de
1290 1351 1493 1464 pectore
1518 1332 1743 1454 flumem

362 1498 436 1598 At
459 1523 618 1602 mater
640 1502 846 1616 virideis
872 1502 1028 1603 saltus
1053 1497 1230 1600 orbata
1252 1537 1544 1641 peragram,

367 1669 584 1814 Linquit
608 1674 748 1777 humi
777 1672 996 1813 pedibus
1021 1675 1233 1810 vestigia
1256 1711 1428 1811 pressa
1452 1677 1674 1801 bisulcis

367 1845 558 1950 Omnia
581 1851 841 1950 convisens
867 1848 1025 1949 oculis
1050 1848 1176 1967 loca,
1203 1821 1252 1948 si
1270 1873 1426 1988 queat
1450 1891 1666 1993 usquam
1795 1973 1797 1976 Α

368 2019 674 2160 Conspioere
700 2026 937 2124 amissum
955 2021 1163 2145 foetum3
1190 2025 1516 2164 completque
1544 2032 1767 2168 querelis

365 2195 725 2299 Frundiferum
750 2236 929 2299 nemus
955 2198 1229 2323 adsistens3
1256 2222 1309 2299 et
1328 2200 1504 2319 erebra
1529 2187 1717 2310 revisit.
1781 2293 1784 2296 .

361 2373 444 2478 Ad
466 2374 740 2495 stabulum,
769 2373 1018 2475 desiderio
1042 2373 1239 2511 perfixa
1255 2374 1492 2510 juvenci:

366 2544 418 2650 N
421 2588 478 2651 ec
503 2571 691 2649 tenerae
717 2547 906 2668 saliem,
933 2571 1088 2691 atque
1112 2546 1286 2650 herbae
1311 2587 1424 2681 rore
1445 2555 1709 2693 rigentes.
1820 2651 1824 2656 .

363 2721 702 2863 Fluminaque
729 2722 832 2823 ulla
859 2746 1059 2863 queunt
1082 2725 1290 2854 summis
1314 2721 1539 2829 labentia
1563 2734 1704 2871 ripis,

365 2895 638 3000 Oblectare
663 2899 905 3020 anilnurn,
933 2896 1258 3038 subitamque
1285 2922 1509 3031 avertere
1535 2941 1738 3036 curam}

291 3117 295 3126 ·
364 3072 479 3176 Neo
505 3071 779 3174 vitulorum
805 3073 918 3196 aliae
942 3073 1132 3210 species
1156 3110 1258 3210 per
1273 3070 1465 3210 pabula
1489 3077 1607 3180 laeta
1664 3119 1665 3122 ‘

362 3245 608 3349 Derivare
634 3269 835 3386 queunt
859 3248 973 3367 alio,
1001 3284 1226 3385 curaque
1252 3245 1446 3349 levare:

362 3423 543 3565 Usque
570 3422 696 3523 adeo
722 3421 968 3562 quiddam
994 3421 1277 3559 proprium,
1314 3443 1599 3561 notumque
1624 3431 1855 3569 requirit.

361 3601 616 3704 Praeterea
639 3599 801 3699 teneri
828 3598 1055 3698 tremulis
1079 3634 1195 3698 oum
1220 3593 1429 3697 vocibus
1454 3595 1592 3700 hoedi
1718 3738 1722 3743 ἢ

367 3777 669 3915 Cornigoras
693 3774 1105 3895 ndruntmatrcs,
1133 3772 1356 3912 agnique
1381 3772 1574 3910 petulci

361 3950 634 4053 Balantum
660 3948 910 4086 pecudes:
951 3950 1036 4069 ita,
1065 3947 1205 4088 quod
1231 3969 1414 4048 natura
1437 3948 1672 4084 reposcit,

358 4128 442 4228 Ad
469 4164 559 4227 sua
584 4126 804 4263 quisque
829 4124 935 4225 fere
962 4124 1241 4225 decurrunt
1265 4119 1427 4222 ubera
1450 4122 1609 4228 laetis.

431 4300 697 4401 Postremo
722 4298 939 4437 quodvis
965 4297 1296 4416 frumentum,
1324 4334 1426 4396 non
1451 4318 1624 4396 tamen
1649 4334 1821 4421 omne.
1937 4284 1946 4292 ’

361 4474 623 4616 Quodque
643 4511 734 4576 suo
758 4474 811 4572 in
838 4510 1024 4612 genere
1049 4455 1184 4571 inter
1208 4508 1260 4570 se
1286 4470 1448 4570 simile
1475 4506 1582 4570 esse
1607 4469 1819 4593 videbis,

361 4651 501 4774 Quin
530 4654 835 4755 intercurrat
859 4648 1098 4790 quaedam
1123 4646 1363 4749 distantia
1387 4645 1590 4767 formis3

362 4827 788 4966 Concharumque
813 4862 975 4964 genus
998 4824 1149 4962 parili
1175 4824 1368 4924 ratione
1393 4821 1624 4924 videmus

358 5002 580 5143 Pingere
604 5002 802 5104 telluris
826 5001 1092 5141 gremium,
1120 5036 1225 5139 qua
1249 4996 1488 5133 mollibus
1513 4996 1664 5100 undis
1805 5072 1812 5087 ι
