4432 5984
356 368 454 478 178
679 372 737 459 r.
806 366 1240 458 raucuurrr
1307 362 1520 495 cnut

355 628 493 733 Hinc
523 628 622 729 illae
648 630 870 765 primurn
898 625 1113 728 Veneris
1139 621 1421 724 dulcedinis
1445 620 1497 720 iu
1524 632 1622 722 cor¹

359 801 580 903 Stillavit
604 824 769 939 gutta,
797 824 848 902 et
874 799 1110 901 successit
1133 796 1326 897 fervida
1351 836 1500 899 cura:

359 975 496 1077 Nam
513 978 553 1076 si
568 975 711 1076 abest
726 975 862 1113 quod
882 1013 1032 1094 ameS,
1052 997 1238 1112 praesto
1254 973 1519 1075 simulacra
1535 994 1707 1075 tamen
1743 996 1884 1077 suut

359 1148 520 1268 Illius,
548 1170 598 1247 et
626 1186 812 1248 nomen
840 1147 989 1247 dulce
1014 1145 1308 1249 obversatur
1331 1148 1394 1249 ad
1424 1150 1603 1250 aureis.

429 1320 533 1422 Sed
558 1322 780 1460 fugitare
807 1321 953 1421 decet
978 1320 1259 1443 simulacra,
1287 1345 1339 1423 et
1363 1322 1552 1460 pabula
1576 1294 1785 1463 amorii

360 1498 659 1601 Absterrere
686 1498 798 1617 sibi,
824 1519 980 1636 atque
1006 1496 1104 1597 alio
1129 1520 1419 1598 convertere
1443 1520 1695 1621 mentem3

359 1672 615 1812 Etjacere
640 1671 907 1774 humorem
935 1674 1216 1774 conlectum
1244 1673 1294 1772 in
1324 1711 1535 1811 corpora
1559 1710 1834 1811 quaeque3

363 1846 477 1947 Nec
503 1849 720 1948 retinere
747 1847 901 1947 semel
927 1885 1222 1949 conversum
1249 1848 1399 1947 unius
1424 1884 1611 1967 amore,

362 2020 432 2124 Et
458 2061 653 2123 servare
681 2021 774 2122 sibi
800 2061 991 2144 curam,
1019 2044 1316 2159 certumque
1343 2021 1584 2123 dolorem.

359 2194 521 2299 Ulcus
543 2198 679 2295 enim
705 2197 928 2316 vivescit,
955 2219 1007 2296 et
1032 2196 1349 2297 inveterascit
1373 2195 1572 2318 alendo,

363 2368 529 2508 Inque
556 2369 663 2469 dies
689 2369 856 2506 gliscit
880 2368 1038 2489 furor,
1066 2392 1221 2506 atque
1247 2408 1472 2470 aerumna
1497 2372 1765 2509 gravescit,

365 2541 416 2641 Si
446 2582 546 2641 non
573 2543 735 2679 prima
761 2543 902 2643 novis
927 2539 1197 2644 conturbes
1220 2542 1424 2655 volnera
1451 2543 1629 2683 plagis,

360 2715 748 2856 volgivagaque
771 2755 930 2854 vagus
957 2715 1156 2817 Venere
1184 2736 1300 2813 ante
1325 2716 1546 2816 recentia
1570 2754 1731 2843 corea,

362 2897 469 2996 Aut
494 2897 591 2995 alio
618 2896 775 3033 possis
801 2893 952 2993 animi
983 2892 1251 2991 traducere
1277 2912 1462 2990 motus.
1588 2874 1598 2913 ²

435 3066 547 3169 Nec
578 3064 786 3168 Veneris
813 3064 981 3164 fructu
1007 3085 1148 3165 caret
1173 3064 1214 3163 is
1241 3063 1330 3201 qui
1357 3064 1482 3164 vitat
1506 3102 1745 3186 amorem,

367 3241 466 3341 Sed
497 3241 666 3378 potius
693 3278 811 3377 quae
838 3261 957 3337 sunt
981 3238 1086 3338 sine
1112 3277 1259 3375 poena
1284 3237 1546 3339 commoda
1564 3240 1750 3341 sumit:

369 3414 506 3516 Nam
533 3435 670 3512 certa
696 3433 748 3511 et
772 3450 901 3549 pura
925 3433 1002 3509 est
1027 3411 1159 3510 sanis
1185 3413 1345 3547 magis
1371 3413 1488 3513 inde
1507 3414 1741 3551 voluptas

370 3585 539 3707 Quam
565 3585 786 3706 miseris;
824 3585 1010 3684 etenim
1036 3586 1271 3721 potiundi
1298 3588 1601 3723 temporem
1627 3588 1740 3727 ipso

368 3760 607 3861 Fluctuat
631 3759 835 3859 incertis
859 3756 1113 3858 erroribus
1139 3760 1289 3861 ardor
1313 3785 1602 3864 amantum:

370 3935 484 4038 Nec
494 3932 820 4071 constatquid
840 3931 1061 4067 primum
1077 3934 1234 4034 oculis
1252 3932 1590 4073 manibusque
1604 3934 1859 4041 fruantur.

374 4109 526 4231 Quod
554 4110 764 4247 petiere,
791 4129 1033 4244 premunt
1059 4110 1180 4227 arte,
1207 4106 1503 4247 l'aciuntque
1528 4108 1755 4211 dolorem

373 4284 629 4423 Corporis
656 4306 708 4382 et
732 4281 927 4381 denteis
954 4282 1177 4383 inlidunt
1201 4322 1335 4421 saepe
1360 4281 1575 4400 labellis,

372 4460 666 4597 Osculaque
692 4457 940 4593 adfigunt,
969 4460 1089 4595 quia
1116 4498 1218 4559 non
1246 4482 1322 4558 est
1345 4493 1474 4593 pura
1498 4456 1764 4594 voluptas:

373 4634 442 4737 Et
466 4635 653 4734 stimuli
678 4631 909 4750 subsunt,
938 4632 1027 4768 qui
1054 4632 1298 4769 instigant
1322 4632 1508 4731 laedere
1533 4631 1777 4769 idipsum,

374 4807 753 4947 Quodcumque
778 4827 869 4924 est,
889 4803 1053 4905 rabies
1081 4808 1215 4906 unde
1242 4808 1342 4907 illae
1367 4808 1596 4941 germina
1621 4826 1862 4949 surgunt.

372 4983 476 5085 Sed
500 4985 677 5087 leviter
700 5020 873 5122 poenas
899 4981 1089 5121 frangit
1118 4979 1292 5083 Venus
1316 4982 1450 5082 inter
1474 5019 1713 5107 amorem,
