4432 5984
684 458 687 463 .
752 319 1025 409 LIBER
1086 320 1469 413 PRIMUS.·
1778 322 1845 417 23

358 575 481 679 Esse
508 600 782 718 utramque
808 576 904 677 sibi
928 617 1023 717 per
1047 617 1115 701 se,
1141 617 1431 720 puramque
1456 619 1660 683 necesse
1684 607 1794 687 est:

359 749 498 852 Nam
519 750 829 894 quacunque
844 777 988 856 vacat
1007 756 1245 891 spatium,
1270 756 1408 895 quod
1424 758 1575 858 inane
1591 797 1844 881 vocamus,

359 923 561 1062 Corpus
586 964 646 1026 ea
669 966 772 1029 non
798 952 899 1030 est:
929 967 1034 1068 qua
1055 967 1207 1067 porro
1232 968 1437 1069 cunque
1462 953 1605 1032 tenet
1630 970 1682 1033 se

360 1096 578 1236 CorpuS,
606 1139 665 1202 ea
688 1141 905 1206 vacuum
929 1141 1259 1243 nequaquam
1285 1126 1482 1204 constat
1505 1106 1670 1206 inane.

359 1274 492 1377 Sunt
515 1279 677 1415 igitur
700 1277 876 1398 solida,
905 1316 961 1379 ac
988 1279 1096 1379 sine
1120 1279 1259 1377 inani
1286 1315 1497 1415 corpora
1520 1280 1702 1417 prima.

428 1449 685 1554 Praeterea
711 1454 955 1590 quoniam
980 1453 1166 1590 genitis
1191 1455 1243 1553 in
1270 1453 1423 1554 rebus
1448 1456 1599 1554 inane
1625 1477 1717 1576 est,

359 1607 631 1728 Materiam
656 1629 846 1730 circum
873 1626 1084 1728 solidam
1109 1649 1338 1727 constare
1363 1666 1564 1733 neeesse
1590 1651 1688 1729 est:

360 1797 475 1901 Nec
497 1839 578 1906 res
603 1803 710 1903 ulla
731 1826 902 1941 potest
924 1839 1043 1902 vera
1066 1803 1259 1901 ratione
1283 1802 1488 1939 probari

361 1970 586 2111 Corpore
611 1978 761 2078 inane
777 2016 878 2078 suo
903 1976 1083 2096 celare,
1110 1997 1266 2114 atque
1291 1978 1429 2077 intus
1454 1975 1672 2102 habere,

360 2145 414 2246 Si
439 2187 558 2268 non,
587 2151 726 2288 quod
752 2149 971 2271 cohibet,
999 2148 1217 2250 solidum
1242 2173 1469 2250 constare
1494 2152 1769 2291 relinquas
1813 2132 1819 2157 ’

270 2452 276 2469 1
359 2321 422 2423 Id
446 2361 600 2462 porro
625 2323 750 2424 nihil
778 2364 885 2426 esse
909 2346 1080 2463 potest
1104 2323 1199 2422 nisi
1225 2325 1454 2425 materiai

361 2494 665 2619 Concilium,
693 2502 831 2639 quod
859 2504 1008 2600 inane
1036 2521 1194 2638 queat
1217 2537 1389 2617 rerum
1415 2498 1667 2604 cohibere.
1803 2600 1807 2606 .

358 2668 602 2813 Materies
626 2676 787 2812 igitur
812 2675 972 2775 solido
997 2712 1116 2814 quae
1141 2711 1351 2811 corpore
1376 2697 1572 2776 constat

359 2844 482 2949 Esse
508 2870 699 2948 aeterna
722 2870 907 2985 potest,
933 2885 1048 2948 cum
1073 2871 1256 2949 caetera
1279 2847 1632 2954 dissolvantur.

422 3021 557 3126 Tum
583 3061 734 3161 porro
760 3025 801 3123 si
824 3024 898 3123 nil
924 3045 1069 3145 esset,
1097 3022 1237 3162 quod
1261 3024 1411 3123 inane
1434 3046 1650 3146 vacaret,

357 3195 527 3300 Omne
552 3198 683 3300 foret
706 3200 940 3321 solidum,
966 3200 1063 3299 nisi
1088 3220 1261 3299 contra
1284 3233 1497 3333 corpora
1519 3235 1655 3300 caeca

357 3367 556 3492 Essent,
585 3412 702 3512 quae
727 3374 839 3474 loca
862 3374 1174 3512 complerent
1203 3406 1524 3511 quaecunque
1549 3394 1804 3474 tenerent:

360 3541 544 3667 Omne,
574 3547 714 3686 quod
739 3570 831 3670 est,
859 3551 1077 3688 spatium
1101 3560 1316 3648 vacuum
1342 3570 1593 3648 constaret
1617 3548 1780 3650 inane.
1804 3628 1808 3635 .

356 3721 581 3822 Alternis
599 3724 758 3861 igitur
782 3725 1020 3855 nimirum
1046 3760 1229 3861 corpus
1255 3721 1393 3820 inani

357 3892 670 3997 Distinctum
696 3919 787 4019 est,
816 3900 1056 4037 quoniam
1082 3934 1173 3997 nec
1199 3896 1408 4032 plenum
1433 3896 1628 3997 naviter
1652 3920 1806 4019 extat,

359 4067 472 4171 Nec
496 4108 648 4208 porro
674 4109 917 4172 vacuum:
960 4095 1079 4172 sunt
1102 4107 1224 4208 ergo
1251 4106 1463 4206 corpora
1486 4109 1634 4192 caeca,

359 4241 491 4364 Quae
520 4245 738 4382 spatium
763 4244 916 4382 pleno
941 4245 1137 4382 possint
1161 4243 1472 4380 distinguere
1496 4244 1661 4348 inane.

427 4416 555 4519 Haec
580 4456 750 4556 neque
770 4418 973 4518 dissolvi
997 4418 1162 4556 plagis
1187 4418 1498 4518 extrinsecus
1523 4420 1624 4519 iota

356 4589 578 4695 Possunt
592 4633 606 4713 ;
644 4630 736 4693 nec
762 4629 913 4730 porro
938 4594 1141 4731 penitus
1167 4613 1430 4729 penetrata
1456 4596 1646 4718 retexi,

357 4765 470 4868 Nec
495 4768 689 4867 ratione
716 4791 912 4905 queunt
936 4768 1034 4868 alia
1058 4790 1253 4868 tentata
1276 4766 1446 4867 labare
1466 4808 1476 4867 ε

355 4939 419 5043 Id
446 4941 585 5082 quod
603 4941 712 5080 jam
738 4980 922 5080 supera
944 4942 1039 5045 tihi
1064 4942 1238 5081 paullo
1262 4941 1573 5046 ostendimus
1598 4966 1730 5049 ante.
