<?xml version="1.0" encoding="UTF-8"?>
<!DOCTYPE html PUBLIC "-//W3C//DTD XHTML 1.0 Transitional//EN"
    "http://www.w3.org/TR/xhtml1/DTD/xhtml1-transitional.dtd">
<html xmlns="http://www.w3.org/1999/xhtml" xml:lang="en" lang="en">
 <head>
  <title>
</title>
<meta http-equiv="Content-Type" content="text/html;charset=utf-8" />
  <meta name='ocr-system' content='tesseract 3.04.00' />
  <meta name='ocr-capabilities' content='ocr_page ocr_carea ocr_par ocr_line ocrx_word'/>
</head>
<body>
  <div class='ocr_page' id='page_1' title='image "./tlucretiicaride01carugoog_0108.png"; bbox 0 0 4432 5984; ppageno 0'>
   <div class='ocr_carea' id='block_1_1' title="bbox 646 344 1775 449">
    <p class='ocr_par' dir='ltr' id='par_1_1' title="bbox 646 344 1775 449">
     <span class='ocr_line' id='line_1_1' title="bbox 646 344 1775 449; baseline 0.011 -12"><span class='ocrx_word' id='word_1_1' title='bbox 646 344 968 437; x_wconf 87' lang='lat' dir='ltr'>-LIBER</span> <span class='ocrx_word' id='word_1_2' title='bbox 1029 344 1427 438; x_wconf 81' lang='lat' dir='ltr'><strong>TERTIUS·</strong></span> <span class='ocrx_word' id='word_1_3' title='bbox 1704 345 1775 449; x_wconf 85' lang='grc'><strong>99</strong></span> 
     </span>
    </p>
   </div>
   <div class='ocr_carea' id='block_1_2' title="bbox 142 603 1817 3191">
    <p class='ocr_par' dir='ltr' id='par_1_2' title="bbox 279 603 1767 1094">
     <span class='ocr_line' id='line_1_2' title="bbox 284 603 1767 743; baseline -0.003 -32"><span class='ocrx_word' id='word_1_4' title='bbox 284 605 383 712; x_wconf 87' lang='lat' dir='ltr'><strong>ch</strong></span> <span class='ocrx_word' id='word_1_5' title='bbox 408 607 630 710; x_wconf 86' lang='lat' dir='ltr'><strong>exsultat</strong></span> <span class='ocrx_word' id='word_1_6' title='bbox 654 605 789 706; x_wconf 89' lang='lat' dir='ltr'><strong>enim</strong></span> <span class='ocrx_word' id='word_1_7' title='bbox 813 639 985 743; x_wconf 88' lang='lat' dir='ltr'><strong>pavor,</strong></span> <span class='ocrx_word' id='word_1_8' title='bbox 1013 639 1069 703; x_wconf 89' lang='lat' dir='ltr'><strong>ac</strong></span> <span class='ocrx_word' id='word_1_9' title='bbox 1094 626 1290 707; x_wconf 88' lang='lat' dir='ltr'><strong>metus:</strong></span> <span class='ocrx_word' id='word_1_10' title='bbox 1316 603 1425 707; x_wconf 87' lang='lat' dir='ltr'><strong>haec</strong></span> <span class='ocrx_word' id='word_1_11' title='bbox 1443 607 1555 707; x_wconf 94' lang='lat' dir='ltr'><strong>loca</strong></span> <span class='ocrx_word' id='word_1_12' title='bbox 1579 606 1767 708; x_wconf 90' lang='lat' dir='ltr'><strong>circum</strong></span> 
     </span>
     <span class='ocr_line' id='line_1_3' title="bbox 279 776 1662 921; baseline -0.002 -37"><span class='ocrx_word' id='word_1_13' title='bbox 279 778 498 884; x_wconf 82' lang='lat' dir='ltr'><strong>Laetitiae</strong></span> <span class='ocrx_word' id='word_1_14' title='bbox 522 780 779 883; x_wconf 84' lang='lat' dir='ltr'>mulcent:</span> <span class='ocrx_word' id='word_1_15' title='bbox 817 776 900 879; x_wconf 81' lang='lat' dir='ltr'><strong>hle</strong></span> <span class='ocrx_word' id='word_1_16' title='bbox 924 815 1046 915; x_wconf 87' lang='lat' dir='ltr'><strong>ergo</strong></span> <span class='ocrx_word' id='word_1_17' title='bbox 1071 814 1213 879; x_wconf 89' lang='lat' dir='ltr'><strong>mens</strong></span> <span class='ocrx_word' id='word_1_18' title='bbox 1239 781 1542 921; x_wconf 89' lang='lat' dir='ltr'><strong>animusque</strong></span> <span class='ocrx_word' id='word_1_19' title='bbox 1568 803 1662 892; x_wconf 85' lang='lat' dir='ltr'><strong>est.</strong></span> 
     </span>
     <span class='ocr_line' id='line_1_4' title="bbox 280 953 1545 1094; baseline -0.002 -37"><span class='ocrx_word' id='word_1_20' title='bbox 280 954 480 1059; x_wconf 84' lang='lat' dir='ltr'><strong>Caetera</strong></span> <span class='ocrx_word' id='word_1_21' title='bbox 504 993 621 1094; x_wconf 90' lang='lat' dir='ltr'><strong>pars</strong></span> <span class='ocrx_word' id='word_1_22' title='bbox 647 954 829 1055; x_wconf 87' lang='lat' dir='ltr'><strong>animae</strong></span> <span class='ocrx_word' id='word_1_23' title='bbox 853 988 948 1089; x_wconf 89' lang='lat' dir='ltr'><strong>per</strong></span> <span class='ocrx_word' id='word_1_24' title='bbox 969 973 1135 1052; x_wconf 91' lang='lat' dir='ltr'><strong>totum</strong></span> <span class='ocrx_word' id='word_1_25' title='bbox 1162 953 1336 1054; x_wconf 90' lang='lat' dir='ltr'><strong>dissita</strong></span> <span class='ocrx_word' id='word_1_26' title='bbox 1361 993 1545 1094; x_wconf 88' lang='lat' dir='ltr'><strong>corpus</strong></span> 
     </span>
    </p>

    <p class='ocr_par' dir='ltr' id='par_1_3' title="bbox 274 1125 1767 1946">
     <span class='ocr_line' id='line_1_5' title="bbox 279 1125 1698 1268; baseline 0.002 -36"><span class='ocrx_word' id='word_1_27' title='bbox 279 1129 462 1254; x_wconf 82' lang='lat' dir='ltr'><strong>Paret3</strong></span> <span class='ocrx_word' id='word_1_28' title='bbox 500 1150 552 1230; x_wconf 88' lang='lat' dir='ltr'><strong>et</strong></span> <span class='ocrx_word' id='word_1_29' title='bbox 576 1129 641 1230; x_wconf 92' lang='lat' dir='ltr'><strong>ad</strong></span> <span class='ocrx_word' id='word_1_30' title='bbox 667 1165 858 1229; x_wconf 89' lang='lat' dir='ltr'><strong>numen</strong></span> <span class='ocrx_word' id='word_1_31' title='bbox 882 1125 1081 1246; x_wconf 91' lang='lat' dir='ltr'><strong>mentis,</strong></span> <span class='ocrx_word' id='word_1_32' title='bbox 1107 1165 1413 1268; x_wconf 85' lang='lat' dir='ltr'><strong>momenque</strong></span> <span class='ocrx_word' id='word_1_33' title='bbox 1437 1153 1698 1235; x_wconf 87' lang='lat' dir='ltr'><strong>movetur:</strong></span> 
     </span>
     <span class='ocr_line' id='line_1_6' title="bbox 277 1302 1654 1443; baseline 0.001 -39"><span class='ocrx_word' id='word_1_34' title='bbox 277 1302 449 1443; x_wconf 88' lang='lat' dir='ltr'><strong>quue</strong></span> <span class='ocrx_word' id='word_1_35' title='bbox 475 1302 571 1404; x_wconf 85' lang='lat' dir='ltr'>sibi</span> <span class='ocrx_word' id='word_1_36' title='bbox 595 1302 757 1403; x_wconf 89' lang='lat' dir='ltr'><strong>solum</strong></span> <span class='ocrx_word' id='word_1_37' title='bbox 776 1337 870 1439; x_wconf 89' lang='lat' dir='ltr'><strong>per</strong></span> <span class='ocrx_word' id='word_1_38' title='bbox 895 1337 946 1401; x_wconf 87' lang='lat' dir='ltr'><strong>se</strong></span> <span class='ocrx_word' id='word_1_39' title='bbox 965 1303 1115 1440; x_wconf 87' lang='lat' dir='ltr'><strong>sapit,</strong></span> <span class='ocrx_word' id='word_1_40' title='bbox 1141 1325 1193 1402; x_wconf 89' lang='lat' dir='ltr'><strong>et</strong></span> <span class='ocrx_word' id='word_1_41' title='bbox 1216 1302 1314 1404; x_wconf 86' lang='lat' dir='ltr'><strong>sibi</strong></span> <span class='ocrx_word' id='word_1_42' title='bbox 1339 1306 1561 1443; x_wconf 82' lang='lat' dir='ltr'><strong>gaudet3</strong></span> <span class='ocrx_word' id='word_1_43' title='bbox 1651 1405 1654 1415; x_wconf 84' lang='grc'>,</span> 
     </span>
     <span class='ocr_line' id='line_1_7' title="bbox 276 1477 1767 1619; baseline 0 -38"><span class='ocrx_word' id='word_1_44' title='bbox 276 1477 630 1619; x_wconf 83' lang='lat' dir='ltr'><strong>Quemneque</strong></span> <span class='ocrx_word' id='word_1_45' title='bbox 640 1517 719 1578; x_wconf 86' lang='lat' dir='ltr'><strong>res</strong></span> <span class='ocrx_word' id='word_1_46' title='bbox 736 1477 972 1595; x_wconf 88' lang='lat' dir='ltr'><strong>animam,</strong></span> <span class='ocrx_word' id='word_1_47' title='bbox 982 1513 1152 1616; x_wconf 89' lang='lat' dir='ltr'><strong>neque</strong></span> <span class='ocrx_word' id='word_1_48' title='bbox 1168 1479 1767 1617; x_wconf 88' lang='lat' dir='ltr'><strong>corpuscommovetulla.</strong></span> 
     </span>
     <span class='ocr_line' id='line_1_8' title="bbox 274 1650 1689 1794; baseline -0.001 -37"><span class='ocrx_word' id='word_1_49' title='bbox 274 1652 346 1757; x_wconf 88' lang='lat' dir='ltr'><strong>Et</strong></span> <span class='ocrx_word' id='word_1_50' title='bbox 372 1654 517 1794; x_wconf 85' lang='lat' dir='ltr'>quasi</span> <span class='ocrx_word' id='word_1_51' title='bbox 542 1690 700 1793; x_wconf 89' lang='lat' dir='ltr'><strong>quom</strong></span> <span class='ocrx_word' id='word_1_52' title='bbox 725 1670 881 1790; x_wconf 89' lang='lat' dir='ltr'><strong>caput</strong></span> <span class='ocrx_word' id='word_1_53' title='bbox 905 1671 995 1752; x_wconf 90' lang='lat' dir='ltr'><strong>aut</strong></span> <span class='ocrx_word' id='word_1_54' title='bbox 1017 1650 1210 1772; x_wconf 85' lang='lat' dir='ltr'><strong>oculus,</strong></span> <span class='ocrx_word' id='word_1_55' title='bbox 1237 1673 1467 1754; x_wconf 85' lang='lat' dir='ltr'><strong>tentante</strong></span> <span class='ocrx_word' id='word_1_56' title='bbox 1494 1653 1689 1775; x_wconf 92' lang='lat' dir='ltr'><strong>dolore,</strong></span> 
     </span>
     <span class='ocr_line' id='line_1_9' title="bbox 276 1823 1481 1946; baseline -0.002 -16"><span class='ocrx_word' id='word_1_57' title='bbox 276 1825 511 1930; x_wconf 79' lang='lat' dir='ltr'><strong>Laerlitur</strong></span> <span class='ocrx_word' id='word_1_58' title='bbox 534 1827 587 1926; x_wconf 89' lang='lat' dir='ltr'><strong>in</strong></span> <span class='ocrx_word' id='word_1_59' title='bbox 612 1823 776 1946; x_wconf 72' lang='lat' dir='ltr'><strong>nobie,</strong></span> <span class='ocrx_word' id='word_1_60' title='bbox 803 1863 907 1926; x_wconf 90' lang='lat' dir='ltr'><strong>non</strong></span> <span class='ocrx_word' id='word_1_61' title='bbox 932 1825 1069 1925; x_wconf 90' lang='lat' dir='ltr'><strong>omni</strong></span> <span class='ocrx_word' id='word_1_62' title='bbox 1096 1826 1481 1928; x_wconf 85' lang='lat' dir='ltr'><strong>concruciamur</strong></span> 
     </span>
    </p>

    <p class='ocr_par' dir='ltr' id='par_1_4' title="bbox 275 1999 1649 2316">
     <span class='ocr_line' id='line_1_10' title="bbox 278 1999 1649 2141; baseline -0.002 -36"><span class='ocrx_word' id='word_1_63' title='bbox 278 2000 538 2140; x_wconf 80' lang='lat' dir='ltr'><strong>Corpore:</strong></span> <span class='ocrx_word' id='word_1_64' title='bbox 574 1999 644 2101; x_wconf 88' lang='lat' dir='ltr'><strong>sic</strong></span> <span class='ocrx_word' id='word_1_65' title='bbox 670 2001 867 2100; x_wconf 87' lang='lat' dir='ltr'><strong>animus</strong></span> <span class='ocrx_word' id='word_1_66' title='bbox 892 2037 1267 2140; x_wconf 88' lang='lat' dir='ltr'><strong>nonnunquam</strong></span> <span class='ocrx_word' id='word_1_67' title='bbox 1292 2000 1499 2102; x_wconf 90' lang='lat' dir='ltr'><strong>laeditur</strong></span> <span class='ocrx_word' id='word_1_68' title='bbox 1521 2002 1649 2141; x_wconf 88' lang='lat' dir='ltr'><strong>ipse,</strong></span> 
     </span>
     <span class='ocr_line' id='line_1_11' title="bbox 275 2175 1505 2316; baseline -0.001 -38"><span class='ocrx_word' id='word_1_69' title='bbox 275 2175 582 2316; x_wconf 85' lang='lat' dir='ltr'><strong>Laetitiaque</strong></span> <span class='ocrx_word' id='word_1_70' title='bbox 605 2177 760 2313; x_wconf 85' lang='lat' dir='ltr'><strong>viget,</strong></span> <span class='ocrx_word' id='word_1_71' title='bbox 788 2212 945 2314; x_wconf 92' lang='lat' dir='ltr'><strong>quom</strong></span> <span class='ocrx_word' id='word_1_72' title='bbox 970 2195 1153 2275; x_wconf 88' lang='lat' dir='ltr'><strong>caetera</strong></span> <span class='ocrx_word' id='word_1_73' title='bbox 1177 2212 1293 2314; x_wconf 89' lang='lat' dir='ltr'><strong>pars</strong></span> <span class='ocrx_word' id='word_1_74' title='bbox 1319 2178 1505 2278; x_wconf 84' lang='lat' dir='ltr'><strong>animai</strong></span> 
     </span>
    </p>

    <p class='ocr_par' dir='ltr' id='par_1_5' title="bbox 142 2348 1817 3191">
     <span class='ocr_line' id='line_1_12' title="bbox 142 2348 1587 2490; baseline -0.002 -34"><span class='ocrx_word' id='word_1_75' title='bbox 142 2406 145 2412; x_wconf 96' lang='lat'>·</span> <span class='ocrx_word' id='word_1_76' title='bbox 277 2352 379 2456; x_wconf 89' lang='lat' dir='ltr'><strong>Per</strong></span> <span class='ocrx_word' id='word_1_77' title='bbox 403 2350 630 2452; x_wconf 86' lang='lat' dir='ltr'><strong>membra</strong></span> <span class='ocrx_word' id='word_1_78' title='bbox 655 2371 811 2490; x_wconf 89' lang='lat' dir='ltr'><strong>atque</strong></span> <span class='ocrx_word' id='word_1_79' title='bbox 837 2372 979 2451; x_wconf 87' lang='lat' dir='ltr'><strong>artus</strong></span> <span class='ocrx_word' id='word_1_80' title='bbox 999 2348 1144 2451; x_wconf 91' lang='lat' dir='ltr'><strong>nulla</strong></span> <span class='ocrx_word' id='word_1_81' title='bbox 1160 2350 1382 2451; x_wconf 85' lang='lat' dir='ltr'><strong>novitate</strong></span> <span class='ocrx_word' id='word_1_82' title='bbox 1411 2351 1587 2454; x_wconf 87' lang='lat' dir='ltr'><strong>cietur.</strong></span> 
     </span>
     <span class='ocr_line' id='line_1_13' title="bbox 278 2523 1767 2662; baseline -0.003 -31"><span class='ocrx_word' id='word_1_83' title='bbox 278 2526 477 2631; x_wconf 91' lang='lat' dir='ltr'><strong>Verum</strong></span> <span class='ocrx_word' id='word_1_84' title='bbox 501 2523 593 2627; x_wconf 87' lang='lat' dir='ltr'><strong>ubi</strong></span> <span class='ocrx_word' id='word_1_85' title='bbox 610 2523 901 2627; x_wconf 88' lang='lat' dir='ltr'><strong>vehementi</strong></span> <span class='ocrx_word' id='word_1_86' title='bbox 915 2525 1077 2662; x_wconf 84' lang='lat' dir='ltr'><strong>magis</strong></span> <span class='ocrx_word' id='word_1_87' title='bbox 1093 2547 1169 2625; x_wconf 86' lang='lat' dir='ltr'><strong>est</strong></span> <span class='ocrx_word' id='word_1_88' title='bbox 1183 2547 1433 2627; x_wconf 84' lang='lat' dir='ltr'><strong>commota</strong></span> <span class='ocrx_word' id='word_1_89' title='bbox 1451 2547 1592 2626; x_wconf 90' lang='lat' dir='ltr'><strong>metu</strong></span> <span class='ocrx_word' id='word_1_90' title='bbox 1608 2563 1767 2646; x_wconf 89' lang='lat' dir='ltr'><strong>mens,</strong></span> 
     </span>
     <span class='ocr_line' id='line_1_14' title="bbox 278 2698 1817 2838; baseline -0.001 -34"><span class='ocrx_word' id='word_1_91' title='bbox 278 2699 577 2804; x_wconf 80' lang='lat' dir='ltr'><strong>Consentire</strong></span> <span class='ocrx_word' id='word_1_92' title='bbox 603 2701 822 2802; x_wconf 89' lang='lat' dir='ltr'><strong>animam</strong></span> <span class='ocrx_word' id='word_1_93' title='bbox 847 2722 1007 2800; x_wconf 86' lang='lat' dir='ltr'><strong>totam</strong></span> <span class='ocrx_word' id='word_1_94' title='bbox 1030 2736 1124 2838; x_wconf 86' lang='lat' dir='ltr'><strong>per</strong></span> <span class='ocrx_word' id='word_1_95' title='bbox 1148 2699 1377 2803; x_wconf 88' lang='lat' dir='ltr'><strong>membra</strong></span> <span class='ocrx_word' id='word_1_96' title='bbox 1399 2698 1666 2826; x_wconf 80' lang='lat' dir='ltr'><strong>videmus3</strong></span> <span class='ocrx_word' id='word_1_97' title='bbox 1809 2701 1817 2709; x_wconf 68' lang='grc'><em>’</em></span> 
     </span>
     <span class='ocr_line' id='line_1_15' title="bbox 276 2875 1449 3016; baseline -0.005 -36"><span class='ocrx_word' id='word_1_98' title='bbox 276 2877 497 2980; x_wconf 86' lang='lat' dir='ltr'><strong>Sudores</strong></span> <span class='ocrx_word' id='word_1_99' title='bbox 522 2876 698 3016; x_wconf 88' lang='lat' dir='ltr'><strong>itaque</strong></span> <span class='ocrx_word' id='word_1_100' title='bbox 724 2898 777 2976; x_wconf 90' lang='lat' dir='ltr'><strong>et</strong></span> <span class='ocrx_word' id='word_1_101' title='bbox 801 2875 1048 3015; x_wconf 88' lang='lat' dir='ltr'><strong>pallorem</strong></span> <span class='ocrx_word' id='word_1_102' title='bbox 1074 2876 1315 2979; x_wconf 85' lang='lat' dir='ltr'><strong>exsistere</strong></span> <span class='ocrx_word' id='word_1_103' title='bbox 1340 2896 1449 2975; x_wconf 91' lang='lat' dir='ltr'><strong>toto</strong></span> 
     </span>
     <span class='ocr_line' id='line_1_16' title="bbox 278 3048 1649 3191; baseline -0.002 -37"><span class='ocrx_word' id='word_1_104' title='bbox 278 3049 524 3191; x_wconf 84' lang='lat' dir='ltr'><strong>Corpore,</strong></span> <span class='ocrx_word' id='word_1_105' title='bbox 553 3073 605 3151; x_wconf 89' lang='lat' dir='ltr'><strong>et</strong></span> <span class='ocrx_word' id='word_1_106' title='bbox 626 3051 839 3190; x_wconf 79' lang='lat' dir='ltr'><strong>infringi</strong></span> <span class='ocrx_word' id='word_1_107' title='bbox 862 3051 1113 3188; x_wconf 84' lang='lat' dir='ltr'><strong>linguam,</strong></span> <span class='ocrx_word' id='word_1_108' title='bbox 1136 3087 1416 3190; x_wconf 86' lang='lat' dir='ltr'><strong>vocemque</strong></span> <span class='ocrx_word' id='word_1_109' title='bbox 1442 3048 1649 3172; x_wconf 89' lang='lat' dir='ltr'><strong>aboriri,</strong></span> 
     </span>
    </p>
   </div>
   <div class='ocr_carea' id='block_1_3' title="bbox 278 3222 1720 3367">
    <p class='ocr_par' dir='ltr' id='par_1_6' title="bbox 278 3222 1720 3367">
     <span class='ocr_line' id='line_1_17' title="bbox 278 3222 1720 3367; baseline -0.005 -36"><span class='ocrx_word' id='word_1_110' title='bbox 278 3226 513 3367; x_wconf 85' lang='lat' dir='ltr'><strong>Caligare</strong></span> <span class='ocrx_word' id='word_1_111' title='bbox 536 3227 725 3346; x_wconf 88' lang='lat' dir='ltr'><strong>oculos,</strong></span> <span class='ocrx_word' id='word_1_112' title='bbox 752 3263 933 3326; x_wconf 88' lang='lat' dir='ltr'><strong>sonere</strong></span> <span class='ocrx_word' id='word_1_113' title='bbox 954 3224 1136 3344; x_wconf 87' lang='lat' dir='ltr'><strong>aureis,</strong></span> <span class='ocrx_word' id='word_1_114' title='bbox 1163 3222 1425 3325; x_wconf 88' lang='lat' dir='ltr'><strong>succidere</strong></span> <span class='ocrx_word' id='word_1_115' title='bbox 1447 3247 1602 3327; x_wconf 87' lang='lat' dir='ltr'><strong>artus.</strong></span> <span class='ocrx_word' id='word_1_116' title='bbox 1713 3274 1720 3287; x_wconf 95' lang='lat'><strong>·</strong></span> 
     </span>
    </p>
   </div>
   <div class='ocr_carea' id='block_1_4' title="bbox 277 3398 1803 4938">
    <p class='ocr_par' dir='ltr' id='par_1_7' title="bbox 277 3398 1772 3888">
     <span class='ocr_line' id='line_1_18' title="bbox 347 3398 1617 3542; baseline -0.002 -38"><span class='ocrx_word' id='word_1_117' title='bbox 347 3401 591 3542; x_wconf 88' lang='lat' dir='ltr'><strong>Denique</strong></span> <span class='ocrx_word' id='word_1_118' title='bbox 612 3400 876 3503; x_wconf 88' lang='lat' dir='ltr'><strong>concidere</strong></span> <span class='ocrx_word' id='word_1_119' title='bbox 901 3437 967 3499; x_wconf 87' lang='lat' dir='ltr'><strong>ex</strong></span> <span class='ocrx_word' id='word_1_120' title='bbox 992 3398 1147 3498; x_wconf 87' lang='lat' dir='ltr'><strong>animi</strong></span> <span class='ocrx_word' id='word_1_121' title='bbox 1171 3420 1362 3500; x_wconf 89' lang='lat' dir='ltr'><strong>terrore</strong></span> <span class='ocrx_word' id='word_1_122' title='bbox 1387 3398 1617 3502; x_wconf 89' lang='lat' dir='ltr'><strong>videmus</strong></span> 
     </span>
     <span class='ocr_line' id='line_1_19' title="bbox 277 3570 1722 3719; baseline -0.007 -37"><span class='ocrx_word' id='word_1_123' title='bbox 277 3577 426 3719; x_wconf 85' lang='lat' dir='ltr'><strong>Saepe</strong></span> <span class='ocrx_word' id='word_1_124' title='bbox 451 3575 702 3697; x_wconf 85' lang='lat' dir='ltr'><strong>homines,</strong></span> <span class='ocrx_word' id='word_1_125' title='bbox 723 3574 870 3677; x_wconf 84' lang='lat' dir='ltr'><strong>facile</strong></span> <span class='ocrx_word' id='word_1_126' title='bbox 895 3594 955 3674; x_wconf 90' lang='lat' dir='ltr'><strong>ut</strong></span> <span class='ocrx_word' id='word_1_127' title='bbox 979 3571 1148 3713; x_wconf 90' lang='lat' dir='ltr'><strong>quivis</strong></span> <span class='ocrx_word' id='word_1_128' title='bbox 1172 3570 1291 3675; x_wconf 89' lang='lat' dir='ltr'><strong>hinc</strong></span> <span class='ocrx_word' id='word_1_129' title='bbox 1316 3611 1521 3675; x_wconf 87' lang='lat' dir='ltr'><strong>noscere</strong></span> <span class='ocrx_word' id='word_1_130' title='bbox 1545 3574 1722 3711; x_wconf 86' lang='lat' dir='ltr'><strong>possit,</strong></span> 
     </span>
     <span class='ocr_line' id='line_1_20' title="bbox 277 3747 1772 3888; baseline -0.006 -32"><span class='ocrx_word' id='word_1_131' title='bbox 277 3751 401 3857; x_wconf 83' lang='lat' dir='ltr'><strong>Esse</strong></span> <span class='ocrx_word' id='word_1_132' title='bbox 443 3753 664 3853; x_wconf 81' lang='lat' dir='ltr'><strong>enimam</strong></span> <span class='ocrx_word' id='word_1_133' title='bbox 700 3787 817 3852; x_wconf 92' lang='lat' dir='ltr'><strong>cum</strong></span> <span class='ocrx_word' id='word_1_134' title='bbox 856 3748 1022 3849; x_wconf 86' lang='lat' dir='ltr'><strong>animo</strong></span> <span class='ocrx_word' id='word_1_135' title='bbox 1065 3747 1416 3885; x_wconf 75' lang='lat' dir='ltr'><strong>conjunctam3</strong></span> <span class='ocrx_word' id='word_1_136' title='bbox 1456 3786 1572 3887; x_wconf 86' lang='lat' dir='ltr'><strong>quae</strong></span> <span class='ocrx_word' id='word_1_137' title='bbox 1612 3784 1772 3888; x_wconf 86' lang='lat' dir='ltr'><strong>quom</strong></span> 
     </span>
    </p>

    <p class='ocr_par' dir='ltr' id='par_1_8' title="bbox 279 3923 1803 4256">
     <span class='ocr_line' id='line_1_21' title="bbox 417 3923 648 4027; baseline -0.013 0"><span class='ocrx_word' id='word_1_138' title='bbox 417 3925 573 4027; x_wconf 87' lang='lat' dir='ltr'><strong>animi</strong></span> <span class='ocrx_word' id='word_1_139' title='bbox 596 3923 648 4025; x_wconf 85' lang='lat' dir='ltr'><strong>vi</strong></span> 
     </span>
     <span class='ocr_line' id='line_1_22' title="bbox 279 4095 1803 4256; baseline -0.007 -52"><span class='ocrx_word' id='word_1_140' title='bbox 279 4100 527 4204; x_wconf 86' lang='lat' dir='ltr'><strong>Percussa</strong></span> <span class='ocrx_word' id='word_1_141' title='bbox 550 4122 642 4219; x_wconf 91' lang='lat' dir='ltr'><strong>est,</strong></span> <span class='ocrx_word' id='word_1_142' title='bbox 669 4098 786 4199; x_wconf 85' lang='lat' dir='ltr'><strong>exin</strong></span> <span class='ocrx_word' id='word_1_143' title='bbox 814 4134 997 4235; x_wconf 88' lang='lat' dir='ltr'><strong>corpus</strong></span> <span class='ocrx_word' id='word_1_144' title='bbox 1020 4095 1278 4233; x_wconf 81' lang='lat' dir='ltr'><strong>propellit,</strong></span> <span class='ocrx_word' id='word_1_145' title='bbox 1306 4119 1358 4196; x_wconf 91' lang='lat' dir='ltr'><strong>et</strong></span> <span class='ocrx_word' id='word_1_146' title='bbox 1381 4095 1485 4198; x_wconf 88' lang='lat' dir='ltr'><strong>icit.</strong></span> <span class='ocrx_word' id='word_1_147' title='bbox 1731 4218 1741 4246; x_wconf 62' lang='lat'><strong>,</strong></span> <span class='ocrx_word' id='word_1_148' title='bbox 1773 4219 1803 4256; x_wconf 62' lang='lat'><strong>.,</strong></span> 
     </span>
    </p>

    <p class='ocr_par' dir='ltr' id='par_1_9' title="bbox 277 4242 1778 4938">
     <span class='ocr_line' id='line_1_23' title="bbox 350 4242 1778 4408; baseline -0.006 -30"><span class='ocrx_word' id='word_1_149' title='bbox 350 4274 479 4378; x_wconf 86' lang='lat' dir='ltr'><strong>Haec</strong></span> <span class='ocrx_word' id='word_1_150' title='bbox 504 4274 681 4375; x_wconf 90' lang='lat' dir='ltr'><strong>eadem</strong></span> <span class='ocrx_word' id='word_1_151' title='bbox 705 4274 834 4376; x_wconf 86' lang='lat' dir='ltr'><strong>ratio</strong></span> <span class='ocrx_word' id='word_1_152' title='bbox 859 4294 1094 4372; x_wconf 89' lang='lat' dir='ltr'><strong>naturam</strong></span> <span class='ocrx_word' id='word_1_153' title='bbox 1119 4270 1291 4390; x_wconf 88' lang='lat' dir='ltr'><strong>animi,</strong></span> <span class='ocrx_word' id='word_1_154' title='bbox 1318 4291 1474 4408; x_wconf 89' lang='lat' dir='ltr'><strong>atque</strong></span> <span class='ocrx_word' id='word_1_155' title='bbox 1500 4271 1692 4371; x_wconf 78' lang='lat' dir='ltr'><strong>animai</strong></span> <span class='ocrx_word' id='word_1_156' title='bbox 1728 4242 1778 4255; x_wconf 35' lang='grc' dir='ltr'>Ἠ</span> 
     </span>
     <span class='ocr_line' id='line_1_24' title="bbox 281 4443 1771 4590; baseline -0.007 -37"><span class='ocrx_word' id='word_1_157' title='bbox 281 4450 589 4590; x_wconf 76' lang='lat' dir='ltr'><strong>Corporeum</strong></span> <span class='ocrx_word' id='word_1_158' title='bbox 615 4449 764 4551; x_wconf 87' lang='lat' dir='ltr'><strong>docet</strong></span> <span class='ocrx_word' id='word_1_159' title='bbox 778 4487 914 4551; x_wconf 87' lang='lat' dir='ltr'><strong>esse:</strong></span> <span class='ocrx_word' id='word_1_160' title='bbox 943 4446 1034 4549; x_wconf 87' lang='lat' dir='ltr'><strong>ubi</strong></span> <span class='ocrx_word' id='word_1_161' title='bbox 1051 4445 1187 4545; x_wconf 88' lang='lat' dir='ltr'><strong>enim</strong></span> <span class='ocrx_word' id='word_1_162' title='bbox 1210 4444 1499 4582; x_wconf 88' lang='lat' dir='ltr'><strong>propellere</strong></span> <span class='ocrx_word' id='word_1_163' title='bbox 1523 4443 1771 4565; x_wconf 88' lang='lat' dir='ltr'><strong>membra,</strong></span> 
     </span>
     <span class='ocr_line' id='line_1_25' title="bbox 281 4617 1639 4763; baseline -0.008 -36"><span class='ocrx_word' id='word_1_164' title='bbox 281 4624 560 4763; x_wconf 87' lang='lat' dir='ltr'><strong>Conripere</strong></span> <span class='ocrx_word' id='word_1_165' title='bbox 584 4662 649 4724; x_wconf 86' lang='lat' dir='ltr'><strong>ex</strong></span> <span class='ocrx_word' id='word_1_166' title='bbox 673 4662 848 4725; x_wconf 89' lang='lat' dir='ltr'><strong>somno</strong></span> <span class='ocrx_word' id='word_1_167' title='bbox 873 4657 1075 4761; x_wconf 74' lang='lat' dir='ltr'><strong>corpuS,</strong></span> <span class='ocrx_word' id='word_1_168' title='bbox 1102 4639 1402 4757; x_wconf 85' lang='lat' dir='ltr'><strong>mutareque</strong></span> <span class='ocrx_word' id='word_1_169' title='bbox 1427 4617 1639 4736; x_wconf 90' lang='lat' dir='ltr'><strong>voltum,</strong></span> 
     </span>
     <span class='ocr_line' id='line_1_26' title="bbox 277 4792 1673 4938; baseline -0.005 -37"><span class='ocrx_word' id='word_1_170' title='bbox 277 4799 451 4938; x_wconf 87' lang='lat' dir='ltr'><strong>Atque</strong></span> <span class='ocrx_word' id='word_1_171' title='bbox 475 4796 732 4899; x_wconf 89' lang='lat' dir='ltr'><strong>hominem</strong></span> <span class='ocrx_word' id='word_1_172' title='bbox 757 4820 924 4900; x_wconf 89' lang='lat' dir='ltr'><strong>totum</strong></span> <span class='ocrx_word' id='word_1_173' title='bbox 946 4835 1124 4935; x_wconf 87' lang='lat' dir='ltr'><strong>regere</strong></span> <span class='ocrx_word' id='word_1_174' title='bbox 1150 4833 1207 4896; x_wconf 89' lang='lat' dir='ltr'><strong>ac</strong></span> <span class='ocrx_word' id='word_1_175' title='bbox 1231 4831 1428 4897; x_wconf 87' lang='lat' dir='ltr'><strong>versare</strong></span> <span class='ocrx_word' id='word_1_176' title='bbox 1455 4792 1673 4915; x_wconf 76' lang='lat' dir='ltr'><strong>videtur,</strong></span> 
     </span>
    </p>
   </div>
   <div class='ocr_carea' id='block_1_5' title="bbox 278 4966 1519 5198">
    <p class='ocr_par' dir='ltr' id='par_1_10' title="bbox 278 4966 1519 5198">
     <span class='ocr_line' id='line_1_27' title="bbox 278 4966 1519 5113; baseline -0.011 -35"><span class='ocrx_word' id='word_1_177' title='bbox 278 4972 543 5113; x_wconf 83' lang='lat' dir='ltr'><strong>(Quorum</strong></span> <span class='ocrx_word' id='word_1_178' title='bbox 567 4973 641 5076; x_wconf 89' lang='lat' dir='ltr'><strong>nil</strong></span> <span class='ocrx_word' id='word_1_179' title='bbox 665 4972 777 5077; x_wconf 87' lang='lat' dir='ltr'><strong>fieri</strong></span> <span class='ocrx_word' id='word_1_180' title='bbox 802 4973 909 5075; x_wconf 86' lang='lat' dir='ltr'><strong>sine</strong></span> <span class='ocrx_word' id='word_1_181' title='bbox 933 4990 1075 5089; x_wconf 88' lang='lat' dir='ltr'><strong>tactu</strong></span> <span class='ocrx_word' id='word_1_182' title='bbox 1098 5005 1246 5110; x_wconf 86' lang='lat' dir='ltr'><strong>posse</strong></span> <span class='ocrx_word' id='word_1_183' title='bbox 1270 4966 1519 5084; x_wconf 90' lang='lat' dir='ltr'><strong>videmus,</strong></span> 
     </span>
     <span class='ocr_line' id='line_1_28' title="bbox 997 5148 1048 5198; baseline 0.039 -2"><span class='ocrx_word' id='word_1_184' title='bbox 997 5154 1017 5196; x_wconf 91' lang='grc'><strong>0</strong></span> <span class='ocrx_word' id='word_1_185' title='bbox 1030 5148 1048 5198; x_wconf 73' lang='grc'><strong>2</strong></span> 
     </span>
    </p>
   </div>
   <div class='ocr_carea' id='block_1_6' title="bbox 0 0 2220 5984">
    <p class='ocr_par' dir='ltr' id='par_1_11' title="bbox 0 0 2220 5984">
     <span class='ocr_line' id='line_1_29' title="bbox 0 0 2220 5984; baseline 0 0"><span class='ocrx_word' id='word_1_186' title='bbox 0 0 2220 5984; x_wconf 95' lang='lat' dir='ltr'><strong> </strong></span> 
     </span>
    </p>
   </div>
  </div>
 </body>
</html>
