4432 5984
359 243 430 399 aa
632 198 636 207 ’
721 249 1238 405 Μυοιωτιι
1305 249 1501 394 enar

364 507 449 610 Ne
475 546 554 608 res
578 505 643 611 ad
668 505 886 613 nihilum
911 505 1208 645 redigantur
1230 505 1458 609 funditus
1483 546 1669 609 omues.

366 682 506 785 Nam
533 673 878 820 quodeunqm
901 682 1006 783 suis
1027 702 1282 782 mutatum
1307 678 1495 782 linibus
1520 655 1643 799 exit,

366 852 623 957 Continuo
649 840 904 959 hoe'mors
929 877 1005 961 est
1027 856 1179 978 illius,
1207 855 1346 994 quod
1371 853 1470 955 fuit
1493 875 1626 956 ante.
1851 973 1854 978 Ι

366 1024 722 1165 Quapropter‚'
739 1017 980 1167 quoniam
1005 1066 1121 1166 quae
1146 1028 1319 1166 paullo
1345 1027 1566 1137 diximus
1592 1046 1723 1143 ante,
1837 1021 1838 1025 Ν

367 1199 426 1302 In
448 1225 812 1309 commutatum
836 1203 1063 1318 veniunt,
1091 1174 1316 1300 constare
1338 1236 1536 1299 neeesse
1562 1219 1637 1297 est

367 1375 446 1475 Ex
474 1375 582 1475 aliis
608 1412 682 1495 ea,
711 1413 829 1513 quae
855 1364 1416 1515 nequeantconvertier
1439 1409 1697 1510 unquam;
1834 1360 1837 1365 ’

369 1548 455 1651 Ne
481 1548 575 1650 tibi
601 1588 680 1650 res
703 1549 915 1661 redeant
940 1547 1004 1646 ad
1029 1546 1191 1651 nilum
1217 1544 1446 1645 funditus
1471 1583 1659 1646 omues.

368 1719 508 1842 Quin
534 1723 705 1860 potius
727 1722 817 1822 tali
844 1741 1024 1819 natura
1047 1717 1263 1855 praedita
1286 1714 1523 1855 quaedam

369 1892 597 2031 Corpora
621 1896 923 2016 constituas3
958 1896 1125 2031 ignem
1154 1896 1194 1994 si
1219 1893 1346 1994 forte
1373 1894 1605 2013 erearint,

366 2064 520 2173 Posse
546 2066 741 2187 eadem
765 2068 984 2207 demptis
1007 2074 1199 2208 paucis,
1225 2069 1502 2207 paucisque
1527 2068 1746 2191 tributis,

370 2236 567 2341 Ordine
592 2251 803 2363 mutato,
827 2265 883 2342 et
906 2267 1064 2365 motu,
1089 2243 1253 2345 faeere
1278 2241 1405 2343 atris
1429 2279 1605 2344 auras:

369 2414 452 2514 Sic
478 2415 600 2514 alias
625 2414 733 2517 aliis
757 2413 910 2516 rebus
933 2418 1174 2523 mutarier
1196 2415 1405 2521 omneis.
1553 2407 1557 2414 ’

436 2587 509 2693 At
532 2587 796 2691 manifesta
818 2590 986 2726 palam
1011 2629 1091 2689 res
1114 2588 1320 2706 indicat,
1340 2587 1527 2725 inquis,
1552 2591 1605 2691 in
1631 2612 1777 2695 auras

367 2758 515 2905 Aeris
540 2770 727 2863 eterra
748 2800 829 2862 res
854 2764 1045 2861 omneis
1071 2797 1307 2882 erescere,
1334 2760 1532 2898 alique3
1671 2762 1678 2775 ⁴

369 2930 453 3053 Et,
480 2935 575 3033 nisi
601 2938 873 3071 tempestas
897 2935 1131 3073 indulget
1154 2935 1379 3072 tem-pore
1405 2936 1570 3040 fausto

369 3101 644 3225 Imbribus,
671 3128 723 3204 et
747 3104 865 3217 tabe
889 3105 1182 3211 nimborum
1207 3109 1412 3215 arbusta
1437 3113 1686 3236 vacillant,
1831 3100 1835 3107 ’

370 3275 560 3415 Solque
585 3316 678 3381 sua
702 3317 796 3416 pro
820 3305 964 3419 parte
988 3282 1139 3402 fovet,
1164 3282 1448 3422 tribuitque
1474 3286 1705 3410 calorem,

372 3445 608 3557 Crescere
635 3455 959 3589 nonpossint
984 3454 1171 3592 fruges,
1197 3454 1417 3577 arbusta,
1445 3461 1738 3566 animantes.

371 3621 601 3747 Scilicet3
639 3647 691 3728 et
711 3627 808 3727 nisi
835 3665 926 3729 nos
952 3627 1093 3728 cibus
1112 3629 1298 3749 aridus,
1320 3651 1376 3728 et
1400 3653 1544 3732 tener
1568 3632 1757 3743 humor

368 3796 608 3934 Adjuvat,
635 3800 814 3904 amisso
830 3801 939 3941 jam
964 3806 1189 3940 corpore,
1214 3805 1317 3906 vita
1342 3800 1549 3945 quoque
1574 3813 1737 3912 omnis

372 3969 625 4070 Omnibus
650 3984 681 4077 e'
701 3975 866 4077 nervis
891 3999 1045 4115 atque
1071 3979 1264 4081 ossibus
1289 3974 1601 4083 exsolvatur}

369 4142 678 4280 Adjutarnur
702 4148 837 4250 enirn
859 4148 1019 4261 dubio
1043 4154 1237 4290 procul,
1258 4177 1419 4293 atque
1443 4156 1629 4259 alimur
1652 4195 1743 4258 nos

374 4310 536 4414 Certis
562 4314 626 4413 ab
652 4315 819 4439 rebus,
847 4325 994 4430 neruis
1018 4325 1131 4425 aliae
1156 4349 1311 4466 atque
1336 4328 1447 4428 aliae
1472 4365 1585 4453 res3

372 4483 630 4603 Nimirum
657 4492 780 4627 quia
804 4494 1115 4598 multimodis
1140 4502 1424 4601 eommunia
1448 4501 1620 4609 multis

372 4657 658 4776 Multarum
683 4679 855 4770 rerum
880 4671 932 4769 in
957 4671 1109 4774 rebus
1126 4673 1411 4813 primordia
1435 4668 1581 4773 mista

373 4831 519 4956 Sunt,
544 4835 661 4946 ideo
684 4843 832 4943 variis
855 4845 1006 4953 varie
1031 4883 1111 4946 rer
1134 4843 1285 4946 rebus
1308 4849 1531 4951 aluntur.
