4432 5984
741 393 1012 485 LIBER
1072 393 1418 488 SEXTUS.
1756 393 1865 488 9281:

246 702 249 709 ·
361 649 529 791 Ipsius
555 652 648 791 reji
674 655 925 755 rationem
952 654 1165 757 reddere
1191 657 1379 795 possis:

359 830 430 933 Et
453 834 667 933 nimium
692 835 859 973 longis
885 833 1185 975 ambagibus
1210 858 1287 934 est
1312 831 1636 956 adeundum3

360 1004 480 1126 Quo
506 1010 665 1146 magis
690 1031 906 1111 attentas
932 1011 1114 1129 aureis,
1142 1010 1473 1147 animumque
1498 1046 1722 1147 reposco.-

429 1182 705 1322 Principio,
734 1184 970 1286 omnibus
995 1222 1025 1284 a
1050 1180 1218 1303 rebus,
1247 1221 1580 1321 quascunque
1606 1185 1852 1308 videmm,

357 1355 614 1495 Perpetuo
639 1361 815 1480 fluere,
844 1397 901 1460 ac
926 1361 1076 1479 mitti,
1104 1359 1380 1498 spargique
1406 1397 1607 1460 necesse
1633 1384 1710 1461 est

361 1527 604 1668 Corpora,
633 1570 750 1670 quae
775 1533 960 1647 feriant
982 1534 1171 1654 oculos,
1197 1535 1466 1674 visumque
1491 1534 1765 1639 lacessant:

358 1701 718 1844 Perpetuoque
743 1707 913 1808 fluunt
937 1709 1085 1807 certis
1111 1705 1175 1807 ab
1199 1707 1352 1809 rebus
1378 1708 1574 1827 odores,

363 1880 546 2021 Frigus
573 1907 631 1985 ut
656 1923 685 1984 a
710 1886 893 2006 fluviis,
921 1886 1056 1986 calor
1080 1925 1110 1985 a
1135 1885 1255 2004 sole,
1284 1907 1435 1984 aestus
1461 1881 1526 1985 ab
1551 1882 1702 1985 undis

359 2055 605 2197 AEquoris
631 2098 808 2161 exesor
833 2099 1106 2163 moerorum
1131 2060 1302 2160 littora
1326 2081 1568 2196 propter;

364 2228 478 2332 Nec
498 2234 621 2332 varii
648 2257 843 2335 cessant
868 2237 1061 2337 sonitus
1086 2274 1290 2336 manare
1316 2272 1409 2372 per
1434 2272 1608 2335 aures:

361 2401 604 2546 Denique
630 2409 683 2507 in
710 2447 765 2508 os
792 2409 907 2510 salsi
929 2412 1068 2511 venit
1094 2408 1278 2509 humor
1303 2447 1437 2547 saepe
1464 2411 1670 2547 saporis

363 2577 533 2700 Quom
559 2621 696 2682 mare
723 2621 980 2684 versamur
1003 2607 1244 2723 propter;
1284 2584 1549 2722 dilutaque
1575 2607 1750 2687 contra

361 2752 532 2874 Quom
558 2758 752 2857 tuimur
777 2759 974 2862 misceri
1001 2758 1274 2880 absinthia,
1295 2761 1462 2897 tangit
1486 2797 1698 2863 amaror.

359 2927 671 3069 Usqueadeo
696 2932 931 3035 omnibus
957 2932 1021 3033 ab
1048 2932 1199 3033 rebus
1225 2973 1305 3034 res
1332 2972 1553 3074 quaeque
1578 2938 1802 3038 fluenter

360 3103 557 3224 Fertur,
585 3109 714 3207 etin
740 3130 945 3210 cunctas
972 3108 1247 3208 dimittitur
1271 3109 1502 3248 undique
1529 3113 1745 3247 parteis:

361 3281 474 3384 Nec
500 3320 657 3402 mora,
684 3321 777 3384 nec
803 3285 1006 3422 requies
1030 3286 1165 3384 inter
1190 3281 1342 3383 datur
1367 3283 1471 3383 ulla
1495 3286 1707 3406 fluendi,

359 3456 618 3596 Perpetuo
645 3459 887 3597 qnoniam
912 3460 1173 3577 seutimnS,
1201 3481 1253 3557 et
1278 3459 1448 3561 omnia
1473 3498 1672 3599 semper

362 3632 600 3755 Cernere,
626 3635 827 3734 odorari
851 3636 985 3753 licet,
1014 3656 1066 3733 et
1088 3634 1275 3733 sentire
1301 3670 1546 3734 sonorem.

431 3810 588 3912 Nunc
615 3849 788 3911 omnes
807 3831 1033 3946 repetam
1054 3845 1208 3947 quam
1234 3844 1348 3906 raro
1373 3847 1580 3946 corpore
1607 3810 1709 3912 sint
1732 3850 1828 3934 res,

363 3982 787 4105 Commemorar'e,
800 3985 936 4123 qnod
955 3987 1008 4085 iu
1022 3986 1189 4123 primo
1206 4022 1414 4122 qnoque
1430 3959 1651 4083 carmine
1671 3986 1848 4088 claret:

361 4158 572 4299 Quippe
589 4162 793 4283 etenim,
812 4199 1124 4302 quamquam
1140 4161 1326 4259 multas
1341 4156 1436 4258 hoc
1451 4160 1675 4296 pertinet
1688 4163 1749 4263 ad
1770 4202 1850 4265 res

362 4333 604 4457 Nosoere,
632 4336 949 4473 cumprimis
974 4335 1104 4435 hanc
1130 4333 1194 4432 ad
1222 4370 1328 4432 rem
1353 4333 1586 4469 protinus
1612 4335 1788 4473 ipsam,

361 4510 480 4632 Qua
506 4511 569 4612 de
597 4511 838 4615 disserere
864 4512 1149 4651 adgredior,
1176 4508 1376 4607 firmare
1403 4545 1604 4608 necesse
1630 4534 1722 4632 est,

362 4685 457 4788 Nil
483 4725 588 4787 esse
613 4687 667 4787 iu
693 4656 953 4825 promptu,
980 4687 1074 4786 nisi
1101 4684 1304 4783 mistum
1331 4721 1513 4820 corpus
1539 4684 1693 4788 inani.

430 4859 689 4998 Principio
715 4862 789 4982 fit,
816 4862 952 4969 utin
979 4859 1231 4999 speluncis
1257 4894 1377 4957 saxa
1402 4895 1623 4995 superna

364 5036 561 5139 Sudcnt
584 5035 816 5159 humore,
843 5058 896 5137 et
917 5037 1079 5177 guttis
1105 5031 1426 5138 manantibus
1452 5035 1672 5139 stillent:

1086 5217 1103 5266 2
1115 5222 1134 5264 P
