4432 5984
419 286 486 418 aa
733 296 794 386 a.
863 292 1295 399 Lucanam
1363 291 1577 408 canl

490 527 836 669 Quapropter,
866 530 955 668 qui
981 531 1239 631 materiem
1267 564 1436 631 rerum
1463 568 1568 632 esse
1596 530 1845 666 putbmnt
1893 534 1899 541 ’

419 699 616 843 Ignem,
645 728 799 843 atque
824 743 887 804 ex
913 706 1021 843 igni
1048 742 1294 805 summam
1322 706 1592 806 consistere
1617 706 1740 825 solo,

419 873 739 1018 Magnopere
765 917 793 979 a
816 917 937 980 vera
961 879 1086 1017 lapsi
1114 869 1308 978 ratione
1333 879 1585 998 videntur.

419 1049 710 1154 Heraclitus
735 1054 831 1153 init
856 1050 1075 1191 quorum
1103 1052 1209 1152 dux
1235 1051 1412 1189 praelia
1436 1050 1647 1191 primus,

422 1222 601 1328 Clarus
625 1226 692 1327 oh
719 1227 982 1327 obscuram
1010 1229 1239 1364 linguam
1263 1229 1424 1364 magis
1449 1229 1583 1327 inter
1607 1230 1815 1351 inaneis,

420 1399 656 1522 Quamde
682 1403 877 1541 graveis
902 1403 1037 1501 inter
1064 1398 1262 1519 Graios,
1289 1402 1380 1538 qui
1407 1436 1524 1500 vera
1548 1404 1838 1541 requirunt.

421 1575 611 1677 Omnia
637 1579 769 1677 enim
799 1576 967 1677 stolidi
994 1577 1154 1714 magis
1181 1574 1496 1675 admirantur
1522 1600 1798 1716 amantque

418 1747 639 1852 lnversis
666 1789 784 1890 quae
810 1750 905 1851 sub
924 1748 1091 1852 verbis
1118 1751 1369 1851 latitantia
1392 1776 1631 1877 cernunt3
1849 1888 1855 1899 ,

415 1922 656 2064 Veraque
683 1929 1014 2048 constituunt,
1043 1967 1160 2067 quae
1187 1925 1319 2027 belle
1345 1948 1555 2062 tangere
1581 1954 1795 2064 possunt

415 2099 616 2223 Aureis,
644 2126 695 2203 et
719 2103 892 2241 lepido
919 2140 1036 2242 quae
1063 2126 1179 2202 sunt
1205 2102 1374 2201 fucata
1400 2105 1599 2207 sonore.

489 2276 628 2380 Nam
654 2276 874 2380 curtam
899 2280 1157 2379 variaeres
1183 2296 1389 2415 possent
1413 2312 1536 2399 esse,
1565 2284 1787 2420 requiro,
1894 2380 1896 2384 .

417 2449 500 2554 Ex
526 2494 629 2556 uno
656 2457 696 2554 si
722 2476 841 2556 sunt
865 2454 988 2592 igni,
1017 2488 1252 2591 puroque
1268 2469 1469 2552 creatae.
1706 2466 1708 2471 ’

418 2623 511 2729 Nil
536 2628 798 2766 prodesset
822 2629 955 2727 enim
983 2628 1201 2729 calidum
1228 2629 1485 2732 denserier
1507 2632 1697 2770 iguem,

418 2801 532 2906 Neo
559 2806 795 2925 rarefieri,
825 2806 864 2906 si
889 2827 1059 2942 partes
1084 2806 1217 2942 ignis
1243 2807 1458 2907 eandem

417 2979 687 3103 Naturam,
716 3020 869 3121 quam
895 3002 1033 3080 totus
1058 2977 1213 3080 habet
1237 3019 1390 3120 super
1415 2984 1562 3122 ignia,
1591 2984 1808 3090 habere:

416 3155 596 3258 Aerior
621 3158 771 3258 ardor
796 3157 930 3256 enim
957 3153 1219 3255 oonduotis
1243 3156 1475 3293 partibus
1501 3182 1659 3284 esset3
1807 3161 1810 3167 ’
1868 3214 1872 3221 ·

370 3456 373 3460 Α
420 3316 735 3471 Languidior
759 3368 911 3469 porro
937 3325 1172 3466 disjectis
1201 3329 1381 3470 disque
1407 3340 1612 3475 supatis.

416 3507 653 3644 Amplius
679 3505 773 3607 hou
800 3505 909 3606 fieri
934 3501 1063 3603 nihil
1089 3525 1179 3623 est,
1208 3508 1345 3642 quod
1374 3548 1520 3648 posse
1544 3518 1698 3617 rearis

416 3679 627 3783 Talibus
652 3684 705 3781 in
732 3681 921 3803 causis3
949 3677 1137 3777 nedum
1162 3681 1407 3783 variantia
1430 3724 1598 3789 rernm

416 3855 584 3958 Tanta
608 3878 764 3995 queat
789 3853 955 3954 densis
981 3853 1208 3990 rarisque
1233 3891 1297 3954 ex
1322 3857 1529 3995 ignibus
1555 3903 1675 3969 esse.

417 4032 591 4170 Atque
619 4029 671 4131 bi
697 4032 737 4130 si
763 4027 964 4152 faciant,
992 4031 1265 4132 admistum
1291 4033 1442 4136 rebus
1466 4039 1633 4162 inane,

419 4201 636 4304 Denseri
663 4225 904 4340 poterunt
928 4205 1087 4341 ignes,
1115 4206 1319 4344 rarique
1345 4210 1596 4351 relinqui:

419 4355 537 4498 Sed,
567 4380 689 4517 quia
711 4380 872 4478 multa
896 4381 991 4481 sibi
1016 4405 1232 4483 cernunt
1256 4388 1521 4510 contraria,
1550 4388 1790 4516 mussant,

420 4551 490 4654 Et
515 4553 737 4691 fugitant
762 4555 813 4653 in
841 4554 992 4656 rebus
1018 4558 1167 4656 inane
1193 4551 1480 4699 relinquere
1506 4600 1711 4702 purum,
1739 4594 1806 4694 et,

324 4722 329 4729 ’
417 4726 596 4828 Ardua
622 4727 744 4827 dum
770 4750 1020 4853 metuunt,
1048 4731 1291 4832 amittunt
1312 4773 1432 4837 vera
1454 4737 1582 4842 viai:
