4432 5984
663 415 938 505 monn
999 396 1404 510 scurrus
1644 415 1739 510 115

257 671 371 774 Sive
398 673 536 774 aliud
562 672 686 813 quid
715 674 788 775 vis
812 675 982 810 potius
1009 673 1326 810 conjunctius
1353 678 1419 815 eji

255 844 485 984 Fingere,
514 846 930 987 quandoquidem
956 884 1188 947 connexu
1214 886 1397 986 corpus
1423 846 1665 952 adbaeret.

323 1017 562 1159 Denique
589 1020 811 1157 corporis
835 1041 989 1156 atque
1015 1021 1168 1120 animi
1193 1022 1358 1122 vivata
1381 1044 1603 1159 potestas

252 1188 394 1292 Inter
418 1230 470 1292 se
495 1194 764 1331 conjuncta
789 1192 971 1312 valent,
1000 1194 1204 1331 vitaque
1230 1193 1488 1299 fruuntur.

253 1363 366 1467 Nec
393 1368 499 1466 sine
525 1404 733 1504 corpore
759 1366 890 1465 enim
912 1365 1104 1467 vitaleis
1129 1367 1279 1467 edere
1306 1390 1472 1469 motus

253 1539 370 1641 Sola
393 1565 561 1678 potest
585 1541 738 1641 animi
763 1576 856 1676 per
880 1577 932 1639 se
958 1563 1152 1657 natura,
1179 1580 1272 1641 nee
1298 1564 1467 1642 autem

253 1712 463 1816 Cassum
488 1716 655 1816 anima
678 1750 861 1849 corpus
886 1712 1085 1834 durare,
1113 1737 1165 1814 et
1189 1713 1417 1815 sensibus
1445 1717 1547 1817 uti:

253 1887 469 2007 Scilicet,
497 1888 693 1989 avolsus
718 1885 959 1987 radicitus
984 1909 1042 1985 ut
1066 1889 1248 2024 nequit
1273 1887 1428 1987 ullam
1508 1920 1511 1927 “

251 2059 516 2199 Dispicere
542 2064 649 2199 ipse
675 2061 851 2162 oculus
877 2097 984 2160 rem
1008 2097 1230 2160 seorsum
1255 2099 1462 2198 corpore
1490 2053 1613 2182 toto,
1704 2072 1707 2076 ’

251 2234 334 2335 Sic
360 2237 526 2335 anima
550 2258 704 2373 atque
730 2235 927 2334 animus
946 2270 1038 2370 per
1062 2271 1114 2332 se
1139 2235 1212 2333 nil
1237 2271 1382 2371 posse
1408 2236 1676 2339 videntur:

250 2405 528 2529 Nimirum,
556 2411 678 2547 quia
701 2445 795 2545 per
819 2444 970 2508 venas
995 2429 1048 2507 et
1072 2409 1259 2508 viscera
1282 2409 1486 2529 mistim,

248 2580 348 2683 Per
371 2620 565 2700 nervoS,
592 2603 747 2719 atque
772 2617 882 2679 ossa
905 2601 1145 2682 tenentur
1169 2618 1376 2719 corpore
1398 2581 1461 2682 ab
1487 2586 1640 2685 omni.

249 2752 362 2858 Nec
387 2757 583 2895 magnis
608 2752 883 2855 intervallis
907 2752 1184 2888 primordia
1207 2777 1419 2893 possunt

249 2929 435 3032 Libera
459 2930 738 3048 dissultare,
764 2926 880 3027 ideo
905 2926 1141 3028 conclusa
1163 2950 1428 3029 moventur

248 3104 525 3205 Sensiferos
550 3125 747 3225 motus3
787 3138 915 3240 quos
939 3121 1082 3198 extra
1106 3137 1289 3237 corpus
1313 3102 1366 3200 in
1392 3139 1538 3202 auras
1674 3222 1679 3229 ¹

244 3278 392 3380 Aeris
418 3275 557 3376 haud
581 3295 795 3411 possunt
817 3294 934 3410 post
957 3293 1168 3372 mortem
1188 3272 1346 3409 ejecta
1369 3278 1587 3378 moveri:
1818 3320 1839 3368 a

247 3450 522 3588 Propterea
547 3451 668 3587 quia
693 3486 794 3548 non
819 3446 966 3546 simili
994 3447 1186 3545 ratione
1211 3467 1465 3550 tenentur.

247 3623 446 3764 Corpus
471 3624 605 3723 enim
629 3644 784 3760 atque
809 3620 1035 3720 animans
1058 3619 1155 3718 erit
1178 3623 1279 3740 aer,
1305 3622 1345 3721 si
1370 3620 1605 3725 cohibere

246 3798 366 3900 Sese
392 3798 574 3916 anima,
602 3818 757 3934 atque
782 3796 832 3894 in
861 3831 945 3894 eos
970 3794 1157 3930 poterit
1181 3794 1485 3896 concludere
1511 3819 1677 3898 motus

246 3971 390 4093 Quos
414 3993 529 4071 ante
554 3971 608 4070 in
632 3970 797 4070 nervis
823 3969 948 4070 etin
976 3967 1085 4103 ipso
1110 4003 1319 4105 corpore
1345 3966 1545 4106 agebat.

245 4145 418 4267 Quare
445 4147 596 4245 etiam
621 4165 776 4282 atque
801 4142 951 4242 etiam
976 4142 1196 4241 resoluto
1221 4143 1441 4278 corporis
1465 4145 1602 4253 omni

241 4318 505 4459 Tegmine,
532 4341 585 4418 et
609 4317 779 4455 ejectis
803 4338 949 4417 extra
972 4312 1207 4415 vitalibus
1226 4315 1376 4434 auris,

245 4494 464 4597 Dissolvi
491 4528 663 4593 sensus
688 4491 842 4589 animi
866 4488 1054 4588 fateare
1080 4525 1278 4589 necesse
1305 4509 1396 4607 est,

242 4669 417 4807 Atque
442 4667 677 4786 animam,
705 4664 944 4803 quoniam
965 4661 1232 4799 conjuncta
1249 4684 1325 4761 est
1343 4699 1492 4762 causa
1506 4660 1720 4765 duobus.

312 4840 552 4979 Denique
579 4876 735 4978 quom
759 4874 944 4975 corpus
969 4859 1190 4976 nequeat
1213 4834 1437 4974 perferre
1456 4837 1640 4938 animai

242 5011 547 5135 Discidium,
575 5013 700 5152 quin
725 5013 779 5114 id
804 5035 937 5115 tetro
961 5009 1186 5113 tabescat
1208 5010 1378 5131 odore,

956 5199 979 5250 Q
994 5192 1010 5241 2
