4432 5984
729 379 1005 500 menn
1064 401 1573 504 sncunoos:
1810 406 1891 517 76*

390 658 705 800 Corporibus
730 665 940 806 fugiunt
963 665 993 769 e
1016 708 1226 809 corpore
1251 671 1445 808 percita
1466 669 1649 808 plagis,

386 832 520 955 Quae
546 878 714 981 neque
740 845 969 944 connecti
996 848 1275 985 quoiquam
1300 868 1529 983 potuere,
1556 853 1725 984 neque
1743 847 1877 949 intra

382 1011 597 1117 Vitaleis
621 1039 789 1117 motus
814 1021 1112 1138 consentire,
1140 1042 1294 1157 atque
1320 1018 1546 1119 animari.

453 1188 555 1292 Sed
580 1190 799 1292 neforto
823 1216 973 1329 putes
998 1194 1234 1295 animalia
1259 1194 1363 1293 sola
1385 1193 1548 1293 teneri
1570 1259 1573 1263 -

383 1357 608 1504 Legibus
634 1364 741 1491 his3
781 1366 956 1467 eadem
983 1369 1111 1468 ratio
1136 1405 1214 1469 res
1232 1369 1472 1468 terminat
1496 1371 1703 1473 omneis.

380 1537 516 1644 Nam
542 1545 699 1645 veluti
724 1567 833 1645 tota
850 1564 1031 1645 natura
1055 1543 1319 1643 dissimiles
1345 1563 1464 1642 sunt

380 1714 522 1819 Inter
547 1756 598 1818 se
623 1718 811 1856 genitae
836 1755 916 1819 res
943 1754 1181 1857 quaeque,
1202 1718 1273 1831 ita
1298 1755 1558 1858 quamque
1579 1758 1777 1824 necesse
1793 1706 1887 1827 est*

377 1887 625 1992 Dissimili
651 1885 878 1992 constare
904 1890 1071 2030 figura
1094 1892 1492 2030 principiorum3

376 2059 500 2166 Non
527 2066 665 2204 quod
693 2065 1056 2202 multa'parum
1084 2065 1233 2164 simili
1259 2066 1361 2165 sint
1379 2067 1595 2203 praedita
1618 2068 1796 2195 forma,

377 2234 479 2339 Sed
506 2239 627 2377 quia
650 2276 753 2339 non
778 2239 928 2378 volgo
952 2239 1096 2377 paria
1120 2237 1355 2340 omnibus
1381 2242 1550 2342 omnia
1574 2269 1818 2350 constent.
1954 2366 1957 2372 .

445 2410 650 2514 Semina
675 2448 834 2552 quom·
857 2452 1011 2552 porro
1035 2415 1240 2533 distent,
1269 2410 1471 2515 differre
1491 2455 1692 2521 necesse
1718 2445 1796 2523 est

374 2586 664 2710 intervalla,
691 2592 810 2712 vias,
837 2606 1113 2709 connexus,'
1138 2585 1382 2726 pondera,
1407 2581 1602 2731 plagas,

374 2761 679 2884 Concursus,
705 2786 901 2888 motus3
941 2783 1066 2902 quae'
1084 2801 1185 2863 non
1213 2762 1449 2863 animalia
1464 2765 1638 2867 solnm

374 2935 602 3076 Corpora
626 2930 918 3078 sejungunt,
946 2913 1046 3040 sed*
1059 2960 1234 3057 terras,
1262 2976 1319 3038 ac
1345 2975 1482 3038 mare
1501 2962 1666 3041 totum

371 3111 668 3239 Secernunt,
695 3116 983 3253 ooelumque
1006 3152 1036 3215 a
1059 3114 1205 3214 terris
1230 3150 1380 3212 omne
1403 3136 1676 3219 retentant.

440 3287 732 3429 Nunc-age,
758 3289 894 3391 dicta
917 3325 1031 3388 meo
1057 3288 1196 3389 dulci
1222 3289 1437 3427 quaesita
1460 3289 1634 3391 labore

367 3461 610 3604 Percipe;
648 3505 712 3567 ne
737 3466 867 3567 forte
892 3461 1003 3571 haec
1022 3461 1150 3563 albis
1174 3501 1239 3562 ex
1265 3461 1382 3563 alba
1404 3466 1561 3565 rearis

365 3638 641 3782 Principiis
660 3681 786 3763 esse,
813 3663 929 3742 ante
954 3639 1127 3740 oculos
1152 3676 1272 3776 quae
1295 3639 1513 3740 candida
1537 3641 1729 3744 cernis:

363 3813 473 3915 Aut
497 3816 557 3915 ea
582 3854 699 3955 quae
723 3819 946 3954 nigrant,
965 3814 1114 3952 nigro
1138 3810 1417 3912 desemine
1442 3823 1589 3915 nata:

365 3986 513 4090 Neve
539 3991 693 4091 aliurn
719 3990 949 4130 quemvis
973 4026 1092 4128 quae
1117 4011 1236 4088 sunt
1259 3987 1442 4089 induta
1466 3991 1702 4110 colorem,
1874 4016 1876 4020 ’

361 4161 639 4302 Propterea
662 4201 838 4302 gerere
863 4162 999 4265 hunc
1024 4163 1215 4284 credas,
1242 4162 1383 4301 quod
1407 4165 1637 4266 materiai·

362 4336 591 4478 Corpora
614 4338 859 4439 consimili
886 4338 987 4439 sint
1011 4335 1120 4474 ejus
1144 4337 1304 4438 tincta
1327 4338 1511 4441 colore.

362 4512 557 4616 Nullus
582 4514 718 4614 enim
742 4514 885 4615 color
907 4536 985 4616 est
1009 4514 1224 4614 omnino
1240 4511 1467 4612 materiai

360 4682 689 4825 Corporibus,
715 4725 883 4828 neque
907 4727 1002 4827 par
1024 4687 1194 4810 rebus,
1217 4726 1390 4828 neque
1405 4687 1628 4825 denique
1655 4681 1850 4825 dispari

427 4857 489 4961 ln
518 4897 636 5001 quae
662 4899 874 5001 corpora
897 4864 938 4963 si
963 4864 1135 4966 nullus
1159 4860 1635 4964 tibiforre·videtu1·

356 5030 514 5137 Posse
535 5036 693 5140 animi
706 5036 926 5177 injectus
944 5038 1073 5162 fieri,
1097 5036 1280 5175 procul
1304 5036 1444 5139 avius
1466 5069 1602 5135 erras
1624 5072 1637 5133 ι

1070 5223 1091 5268 1.
1101 5217 1118 5268 2
