4432 5984
592 388 870 484 LIBER
934 388 1363 486 QUARTUS.
1618 381 1718 483 143

224 648 442 790 Semper
465 655 602 754 enim
628 690 881 755 summum
907 648 1166 789 quidquid
1194 651 1256 750 de
1282 647 1433 749 rebus
1458 647 1687 751 abundat

228 821 386 943 Quod
404 826 697 964 jaculentur
714 869 735 928 ε·
765 853 817 928 et
841 825 938 927 hoo
963 825 1084 924 alias
1109 862 1224 925 eum
1250 825 1480 960 pervenit
1505 825 1555 923 in
1584 863 1679 946 res,

221 995 444 1120 Transit,
471 1023 530 1099 ut
554 1001 605 1100 in
632 1000 810 1139 primis
834 1021 1056 1101 vestem:
1097 1000 1185 1100 sed
1211 999 1262 1099 in
1290 1036 1466 1136 aspera
1491 1037 1626 1123 saxa,

223 1170 332 1272 Aut
355 1175 408 1273 in
434 1175 691 1273 materiem
718 1194 777 1273 ut
799 1173 928 1310 ligni
955 1175 1201 1309 pervenit,
1221 1172 1293 1272 ibi
1311 1173 1418 1309 jam

227 1347 506 1472 Scinditur,
532 1373 592 1449 ut
616 1349 812 1449 nullum
841 1349 1165 1449 simulacrum
1190 1347 1403 1447 reddere
1429 1348 1602 1484 possit.
1689 1438 1694 1448 .

220 1521 295 1622 At
319 1562 436 1622 eum
462 1521 729 1659 splendida
754 1561 871 1659 quae
899 1544 1130 1623 constant
1155 1544 1369 1658 opposta
1393 1521 1616 1643 fuerunt,

224 1691 587 1834 Densaque,ut
601 1698 651 1795 in
668 1696 844 1832 primis
859 1696 1120 1831 speculum
1133 1720 1223 1816 est,
1242 1695 1366 1796 nihil
1384 1696 1567 1797 aeeidit
1583 1697 1786 1822 horum3

228 1866 365 1968 Nam
393 1906 560 2006 neque
585 1870 660 1968 uti
686 1892 872 1969 vestem
900 1873 1058 2006 possit
1081 1873 1309 1987 transire,
1336 1909 1505 2009 neque
1531 1894 1648 1973 ante

228 2041 419 2162 Scindi,
448 2081 602 2180 quam
629 2044 857 2142 meminit
882 2043 1035 2143 laevor
1057 2067 1298 2180 praestare
1324 2045 1561 2144 salutem:

227 2214 559 2355 Quapropter
584 2217 657 2336 fit,
685 2238 745 2315 ut
768 2213 886 2314 hinc
913 2215 1058 2317 nobis
1083 2218 1349 2318 simulacra
1373 2240 1628 2355 genantur
1642 2259 1656 2342 ;

228 2389 296 2491 Et
324 2392 552 2530 quamvis
578 2386 762 2506 subito,
792 2388 969 2525 quovis
994 2393 1047 2490 in
1073 2413 1317 2526 tempore,
1346 2429 1606 2529 quamque

225 2567 355 2670 Rem
381 2591 556 2668 eontra
581 2566 840 2704 speculum
867 2601 1042 2700 ponas,
1071 2586 1282 2702 apparet
1307 2564 1505 2700 imago:

225 2740 483 2879 Perpetuo
507 2741 665 2840 fluere
691 2760 751 2839 ut
775 2774 947 2838 noscas
974 2777 1002 2838 e
1029 2775 1237 2876 corpore
1264 2775 1461 2839 summo

222 2913 477 3018 Texturas
502 2951 672 3014 rerum
698 2915 910 3033 tenueiS,
938 2914 1237 3051 tenueisque
1262 2912 1469 3051 figuras.

225 3088 367 3226 Ergo
395 3089 556 3189 multa
579 3085 718 3186 brevi
747 3089 907 3224 spatio
934 3086 1199 3187 simulacra
1224 3108 1500 3224 genuntur,

224 3264 301 3372 Ut
326 3267 505 3366 merito
531 3263 663 3364 celer
689 3260 766 3361 his
792 3258 944 3361 rebus
969 3258 1168 3373 dicatur
1191 3261 1351 3398 origo.
1477 3310 1481 3321 ·

294 3437 365 3540 Et
390 3439 532 3576 quasi
560 3435 719 3535 multa
744 3432 885 3533 brevi
911 3435 1073 3569 spatio
1097 3433 1392 3536 submittere
1421 3435 1575 3537 debet

228 3610 448 3714 Lumina
472 3610 562 3729 sol,
590 3631 648 3708 ut
672 3628 920 3744 perpetuo
947 3607 1049 3706 sint
1072 3609 1242 3706 omnia
1263 3607 1446 3746 plena3

227 3784 311 3886 Sic
337 3821 367 3882 a
394 3782 543 3882 rebus
568 3783 689 3881 item
716 3781 865 3880 simili
890 3782 1083 3879 ratione
1108 3819 1309 3882 neeesse
1335 3805 1412 3881 est

224 3956 489 4094 Temporis
513 3957 567 4054 in
593 3977 783 4094 puncto
808 3992 976 4054 rerum
1004 3955 1270 4055 simulacra
1291 3954 1521 4056 ferantur

227 4130 400 4232 Multa
423 4129 584 4228 modis
609 4128 781 4228 multis
805 4129 859 4226 in
885 4149 1091 4227 cunetas
1115 4128 1346 4267 undique
1373 4132 1594 4267 parteis:

228 4302 656 4440 Quandoquidem
680 4301 941 4439 speculum
958 4338 1267 4439 quocunque
1282 4300 1606 4425 obvertimus,
1616 4304 1714 4405 oris

226 4477 328 4580 Res
353 4478 425 4578 ibi
452 4477 763 4615 respondent
787 4475 936 4574 simili
961 4473 1123 4575 forma
1142 4497 1298 4613 atque
1321 4477 1503 4578 colore.

295 4650 566 4771 Praeterea,
592 4650 745 4751 modo
770 4687 928 4787 quom
953 4647 1108 4750 fuerit
1131 4650 1468 4787 liquidissima
1492 4652 1603 4752 eoeli

224 4824 540 4963 Tempestas,
566 4861 817 4962 perquam
843 4822 1011 4925 subito
1034 4823 1096 4923 fit
1118 4822 1327 4923 turbida
1349 4824 1482 4925 foede
1647 4956 1656 4971 ⁹

225 4998 493 5139 Undique,
517 5000 594 5100 uti
619 4997 855 5099 tenebras
879 4999 1072 5100 omneis
1095 4995 1394 5100 Acherunta
1416 5002 1572 5149 rearis
