4432 5984
745 350 1018 440 monn
1081 320 1506 441 colurus.
1763 342 1860 448 139

369 610 679 714 Exoierunt:
719 648 782 709 ne
807 607 935 707 sorte
961 608 1151 706 animas
1179 604 1476 707 Acherunte
1502 645 1703 708 reamur
1774 677 1777 682 -

374 784 636 925 Effugere,
662 806 750 885 aut
775 780 978 882 umbras
1003 782 1134 879 inter
1159 780 1293 880 vivos
1318 781 1552 905 volitare3

373 959 519 1063 Neve
545 960 735 1098 aliquid
766 957 923 1060 nostri
950 978 1064 1093 post
1089 974 1301 1053 mortem
1326 988 1470 1089 posse
1495 955 1732 1095 relinqui,

376 1131 504 1235 Cum
533 1171 716 1271 corpus
743 1132 891 1233 simul
917 1154 1071 1270 atque
1097 1129 1249 1228 animi
1276 1149 1456 1226 natura
1480 1153 1744 1268 perempta

381 1306 434 1408 [n
464 1347 555 1411 sua
580 1310 850 1410 discessum
877 1305 1131 1406 dederunt
1154 1300 1432 1439 primordia
1458 1338 1695 1441 quaeque.

443 1470 574 1585 Dico
599 1483 772 1620 igitur,
800 1517 970 1581 rerum
996 1477 1203 1615 effigias,
1230 1476 1528 1614 tenueisque
1554 1477 1741 1615 figuras

238 1722 242 1729 -
372 1653 570 1756 Mittier
595 1655 659 1756 ab
684 1655 835 1756 rebus
861 1687 1057 1753 summo
1083 1649 1146 1748 de
1172 1686 1379 1785 corpore
1405 1687 1607 1775 earum;

372 1826 505 1949 Quae
533 1831 677 1968 quasi
702 1825 1010 1945 membrana,
1035 1822 1116 1925 vel
1142 1834 1312 1924 cortex
1339 1824 1685 1926 nominitanda
1710 1849 1805 1949 est,·

371 2002 524 2125 Quod
551 2004 768 2140 speciem
797 2041 854 2103 ac
879 1999 1089 2100 formam
1118 2000 1329 2100 similem
1355 2002 1488 2139 gerit
1513 2001 1620 2139 ejus
1645 2004 1830 2141 imago,

371 2177 773 2315 Quoiuscunque
799 2179 936 2278 cluet
961 2176 1023 2276 de
1049 2214 1257 2314 corpore
1282 2177 1392 2278 fusa
1416 2177 1603 2315 vagari.

437 2348 499 2451 ld
525 2351 643 2452 licet
667 2349 784 2451 binc
810 2351 1039 2489 quamvis
1065 2348 1235 2448 hebeti
1261 2388 1562 2488 cognoscere
1588 2348 1769 2452 corde:

367 2521 642 2661 Principio,
670 2525 909 2662 quoniam
936 2523 1144 2622 mittunt
1170 2523 1221 2621 in
1247 2521 1400 2624 rebus
1425 2525 1611 2660 apertis

369 2695 596 2833 Corpora
620 2734 698 2795 res
724 2697 917 2816 multae,
944 2697 1130 2834 partim
1156 2695 1341 2797 diffusa
1367 2696 1545 2815 solute,
1645 2774 1648 2781 .

367 2865 572 2967 Robora
597 2907 682 2968 seu
710 2868 906 2973 fumum
933 2871 1157 2988 mittunt,
1184 2871 1431 3013 ignesque
1456 2909 1723 3010 vaporem3
1847 2900 1863 2934 ²

365 3040 435 3142 Et
459 3043 644 3179 partim
670 3064 906 3143 contexta
931 3045 1106 3180 magis,
1134 3045 1505 3191 condensaque,
1533 3068 1593 3147 ut
1613 3047 1735 3171 olim

366 3218 497 3321 Cum
524 3241 716 3319 veteres
739 3239 941 3357 ponunt
964 3220 1160 3327 tunicas
1185 3243 1356 3322 aestate
1383 3222 1586 3342 cicadae,

366 3391 435 3493 Et
458 3393 603 3492 vituli
629 3430 743 3493 cum
770 3390 1085 3493 membranas
1111 3394 1174 3494 de
1201 3432 1409 3530 corpore
1434 3433 1630 3497 summo

364 3564 416 3669 N
422 3589 647 3667 ascentes
673 3568 899 3686 mittunt,
926 3568 1120 3668 etitem
1148 3606 1262 3670 cum
1287 3567 1481 3670 lubrica
1506 3610 1711 3709 serpens
1867 3634 1869 3639 >

362 3740 523 3845 Exuit
546 3742 597 3841 in
626 3742 782 3879 spinis
805 3762 1024 3863 vestem3
1062 3779 1179 3840 nam
1204 3778 1337 3879 saepe
1362 3741 1592 3845 videmus

362 3916 574 4019 Illorum
600 3916 771 4052 spoliis
794 3918 989 4055 vepreis
1014 3916 1339 4019 volitantibus
1365 3942 1551 4020 auctas.

362 4093 491 4195 Haec
518 4091 756 4230 quoniam
785 4089 932 4210 fiunt,
959 4091 1125 4190 tenuis
1152 4128 1358 4230 quoque
1384 4091 1537 4193 debet
1560 4093 1727 4235 imago

359 4264 444 4368 Ab
469 4263 621 4366 rebus
646 4264 776 4364 mitti
805 4300 1000 4364 summo
1028 4264 1090 4363 de
1117 4301 1325 4401 corpore
1351 4303 1540 4370 earum.

361 4437 498 4540 Nam
525 4476 616 4539 cur
639 4437 728 4537 illa
751 4437 936 4537 cadant
958 4439 1135 4575 magis,
1163 4435 1227 4536 ab
1253 4437 1508 4577 rebusque
1530 4440 1783 4561 recedunt,

366 4610 536 4733 Quam
563 4650 680 4751 quae
706 4612 879 4711 tenuia
904 4635 1040 4732 sunt,
1068 4609 1295 4710 hiscendi
1320 4635 1396 4712 est
1420 4614 1560 4713 nulla
1582 4635 1820 4751 potestas.

358 4785 643 4888 Praesertim
671 4823 830 4924 quum
851 4786 951 4885 sint
976 4786 1028 4885 in
1054 4784 1261 4885 summis
1287 4822 1498 4924 corpora
1522 4785 1674 4887 robus

360 4952 533 5063 Multa
556 4963 768 5082 minuta,
788 4960 890 5100 jaci
920 4998 1038 5099 quoe
1058 4960 1255 5097 possint
1277 4957 1453 5061 ordine
1479 4957 1657 5059 eodem

1080 5147 1099 5188 Τ
1110 5138 1127 5188 ¹
