4432 5984
362 350 463 443 we
701 354 761 441 T.
827 344 1262 441 LUCRETII
1326 327 1541 436 CARI

362 606 507 710 Num
534 605 658 746 quid
686 606 758 708 ibi
783 606 1024 709 horribile
1048 606 1291 742 appareti
1328 640 1453 704 num
1471 604 1613 704 triste
1631 596 1871 703 videtur

364 780 700 920 Quidquam?
738 818 906 883 nonne
930 780 1069 881 omni
1093 814 1272 877 somno
1297 778 1520 878 securius
1544 775 1759 877 exstat?

255 946 264 961 ’
430 955 605 1094 Atque
643 993 703 1055 ea
743 956 998 1075 nimirum,
1043 990 1370 1093 quaecunque
1403 949 1714 1053 Acherunte·
1747 986 1888 1089 pro-

501 1127 662 1229 fundo

362 1299 573 1403 Prodita
598 1323 717 1401 sunt
740 1340 863 1421 esse,
890 1302 942 1401 in
969 1300 1072 1403 vita
1096 1322 1213 1400 sunt
1237 1299 1406 1399 omnia
1431 1296 1593 1400 nobis.

364 1476 479 1580 Nec
504 1480 656 1579 miser
679 1479 979 1616 impendens
1005 1510 1248 1614 magnum
1273 1474 1420 1573 timet
1444 1475 1559 1573 aere
1585 1508 1780 1573 saxum

360 1650 623 1773 Tantalus,
650 1674 708 1752 ut
731 1652 866 1751 fame
888 1673 980 1772 est,
1007 1687 1145 1752 cassa
1167 1645 1437 1746 formidine
1461 1668 1703 1784 torpens:

372 1824 474 1927 Sed
500 1828 660 1964 magis
685 1827 738 1925 iu
762 1826 865 1926 vite
891 1825 1058 1927 divdm
1081 1842 1246 1921 metus
1272 1842 1424 1957 urget
1445 1820 1610 1923 inanis

364 1995 644 2115 Mortaleis,
670 2034 946 2137 casumque
970 1998 1153 2096 timent
1178 2031 1537 2134 quemcunque
1562 1992 1693 2095 ferat
1715 1992 1867 2099 fors.

438 2170 553 2273 Nec
576 2168 767 2308 Tityon
791 2172 1017 2271 volucres
1043 2169 1223 2272 ineunt
1244 2169 1539 2272 Acherunte
1557 2170 1876 2309 jacentem,.

364 2344 479 2447 Nec
506 2345 645 2484 quod
672 2342 766 2444 sub
792 2382 977 2482 magno
1003 2367 1293 2447 scrutentur
1314 2366 1537 2483 pectore,
1571 2342 1888 2485 quidquam

303 2514 309 2521 ⁵
364 2517 671 2656 Perpetuam
697 2538 899 2617 aetatem
923 2540 1167 2654 poterunt
1189 2520 1411 2658 reperire
1435 2518 1681 2658 profecto,

366 2685 665 2810 Quamlibet
688 2690 894 2789 immani
922 2691 1150 2827 projectu
1176 2695 1399 2831 corporis
1424 2716 1606 2816 exstet,

367 2861 474 2984 Qui
505 2901 605 2963 non
632 2860 736 2962 scia
760 2900 938 2963 novem
965 2862 1212 3001 dispensis
1228 2867 1415 3005 jugera
1437 2866 1678 2971 membris

366 3036 629 3154 Obtineat,
657 3035 743 3133 sed
772 3036 861 3174 qui
886 3045 1038 3137 terrai
1064 3044 1222 3141 totius.
1242 3039 1450 3142 orbem:

372 3208 494 3315 Non
521 3232 689 3309 tamen
717 3232 963 3310 aeternum
989 3216 1177 3349 poterit
1201 3214 1423 3351 perferre
1449 3200 1698 3337 dolorem}

239 3474 245 3489 .
369 3386 485 3489 Nec
512 3383 742 3521 praebere
768 3383 938 3484 cibum
963 3390 1170 3524 proprio
1198 3388 1496 3525 decerpere
1523 3428 1760 3531 sempert

373 3561 478 3661 Sed
501 3558 680 3697 Tityos
704 3557 850 3657 nobis
875 3555 957 3659 hic
982 3584 1073 3680 est,
1100 3563 1153 3661 in
1179 3599 1346 3661 amore
1361 3561 1617 3697 jacentem

369 3732 537 3855 Quem
561 3733 794 3833 volucres
819 3730 1058 3855 lacerant,
1085 3757 1241 3873 atque
1267 3756 1409 3833 exest
1433 3738 1613 3837 anxius
1634 3776 1848 3879 augor3
1868 3808 1884 3837 .-

366 3910 476 4010 Aut
501 3908 600 4006 alia
627 3906 802 4043 quavis
829 3907 1067 4007 scindunt
1091 3906 1377 4045 cuppedine
1403 3947 1555 4013 curae.

440 4078 690 4219 Sisyphus
714 4079 769 4177 i'n
792 4079 895 4179 vita
921 4119 1129 4220 quoque
1154 4081 1300 4183 nobis
1323 4105 1440 4183 ante
1465 4085 1636 4186 oculos
1661 4112 1757 4212 cst,

370 4255 476 4376 Qui
502 4276 673 4392 petere
698 4289 727 4350 a
752 4255 946 4390 populo
969 4255 1161 4376 fasceis,
1188 4294 1444 4395 saevasque
1469 4263 1690 4363 secureis

370 4425 610 4545 Imhibit3
649 4445 700 4523 et
725 4460 922 4562 semper
945 4430 1122 4565 victus,
1149 4431 1408 4571 tristisque
1432 4434 1655 4536 recedit:

374 4602 515 4705 Nam
546 4620 721 4738 petere
757 4597 1046 4736 imperium,
1084 4604 1223 4741 quod
1259 4608 1410 4705 inane
1446 4628 1543 4729 est,
1576 4646 1671 4711 nec
1709 4608 1892 4723 deum¹⁸
1972 4728 1981 4745 ,

509 4808 756 4911 unquam,

371 4962 545 5096 Atque
569 4951 624 5053 in
648 4987 709 5052 eo
732 4984 936 5089 semper
956 4947 1141 5069 durum
1166 4950 1380 5055 sufferre
1401 4952 1657 5078 laborem,-
