4432 5984
369 359 473 461 ast
709 299 769 455 r.
814 364 1261 457 *Lucnaru
1326 332 1539 461 enar

370 630 440 733 Et
463 629 612 731 celeri
637 631 840 729 flamma
868 628 1195 730 dominantur
1219 629 1271 728 in
1297 626 1493 730 aedibus
1518 632 1657 770 ipsis.

371 806 525 907 Hune
551 803 645 903 tibi
672 802 908 903 subtilem
936 841 1047 903 cum
1076 804 1252 940 primis
1278 802 1484 940 ignibus
1510 807 1683 946 ignem
1833 810 1836 815 ’

371 979 650 1080 Constituit
674 998 857 1076 natura
880 975 1087 1077 minutis
1113 974 1493 1117 mobilibusque

372 1150 700 1290 Corporibus
723 1152 846 1290 quoi
870 1152 943 1252 nil
969 1155 1174 1254 omnino
1200 1154 1442 1254 obsistere
1469 1157 1656 1291 possit:

368 1325 574 1444 Transit
599 1326 734 1425 enim
759 1327 924 1426 valide
949 1325 1142 1426 fulmen
1169 1366 1264 1464 per
1288 1348 1433 1466 septa
1458 1325 1739 1451 domorum,

371 1498 577 1601 Clamor
603 1502 692 1620 uti,
720 1540 776 1601 ac
801 1540 976 1626 voces3
1015 1507 1195 1602 transit
1219 1539 1314 1638 per
1339 1538 1476 1622 saxa,
1502 1538 1596 1638 per
1621 1543 1752 1629 aera3

368 1670 437 1773 Et
460 1673 715 1812 liquidum
740 1697 931 1811 puncto
956 1675 1077 1778 facit
1102 1718 1170 1779 aes
1197 1678 1250 1778 in
1275 1699 1521 1814 tempore,
1548 1700 1600 1776 et
1624 1716 1821 1784 aurum.

370 1842 530 1946 Curat
555 1849 675 1946 item
701 1868 761 1946 ut
785 1850 912 1948 vasis
937 1851 1147 1991 integris
1172 1852 1291 1952 vina
1315 1873 1525 1987 repente
1635 1988 1637 1995 y

366 2019 691 2161 Diffugiunt3
731 2023 853 2160 quia
878 2024 1117 2125 nimirum
1143 2022 1289 2124 facile
1316 2024 1487 2123 omnia
1512 2023 1703 2130 circum
1852 2078 1857 2083 ·

369 2191 635 2316 Conlaxat,
663 2225 877 2333 rareque
904 2196 1025 2297 facit
1047 2198 1345 2299 lateramina
1369 2198 1513 2319 vasis,

221 2365 227 2372 ’
363 2371 654 2473 Adveniens
680 2373 816 2473 calor
840 2371 947 2509 ejus
974 2394 1032 2472 ut
1057 2373 1343 2472 insinuatur
1368 2374 1417 2472 in
1446 2374 1644 2511 ipsum;
1682 2398 1735 2478 et

367 2543 633 2646 Mobiliter
658 2546 853 2646 solvens
880 2543 1052 2646 differt
1075 2547 1354 2685 primordia
1378 2549 1512 2648 vini:

211 2797 217 2804 -
367 2720 522 2841 Quod
550 2722 668 2823 solis
692 2760 850 2859 vapor
874 2742 1073 2820 aetatem
1101 2759 1201 2819 non
1229 2758 1374 2857 posse
1399 2722 1602 2824 videtur

364 2896 596 3016 Efficere,
623 2934 789 3035 usque
807 2895 932 2995 adeo
957 2892 1154 3032 pollens
1179 2891 1373 2996 fervore
1400 2936 1634 3000 corusco:

362 3069 529 3172 Tanto
557 3069 791 3172 mobilior
816 3070 904 3189 vis,
933 3091 984 3167 et
1009 3065 1350 3204 dominantior
1374 3072 1484 3174 haee
1510 3097 1600 3175 est.

435 3245 485 3348 N
496 3286 591 3347 une
617 3284 677 3345 ea
701 3284 805 3385 quo
831 3268 978 3382 pacto
1004 3245 1298 3383 gignantur,
1320 3270 1372 3346 et
1397 3248 1586 3385 impete
1612 3272 1756 3350 tanto

363 3418 528 3540 Fiant,
556 3443 614 3520 ut
639 3420 834 3556 possint
858 3420 959 3519 ictu
988 3417 1273 3520 discludere
1306 3423 1510 3542 turreis,

365 3593 669 3697 Disturbare
696 3595 886 3715 domos,
915 3595 1129 3696 avellere
1154 3593 1299 3731 tigna
1322 3593 1629 3736 trabeisque,
1722 3574 1725 3579 ¹

363 3765 434 3869 Et
458 3792 787 3869 monumenta
807 3769 971 3871 viritm
996 3768 1428 3908 demoliri-atque
1455 3771 1601 3892 ciere,

363 3940 669 4044 Exanimare
695 3941 939 4065 homines,
966 3945 1188 4084 pecudes
1212 3948 1532 4079 prosternere
1559 3946 1774 4083 passim:

367 4117 565 4220 Caetera
591 4118 654 4218 de
679 4157 864 4260 genere
890 4120 989 4221 boc
1015 4157 1120 4259 qua
1141 4119 1192 4220 vi
1216 4114 1381 4218 faeere
1405 4120 1574 4219 omnia
1599 4121 1809 4257 possint,

366 4295 669 4435 Expediam,
696 4334 865 4436 neque
890 4317 940 4396 te
966 4297 1017 4396 in
1045 4295 1302 4436 promissis
1328 4296 1478 4433 plura
1502 4294 1752 4399 morabor.

436 4472 672 4614 Fulmina
696 4472 897 4610 gignier
921 4511 949 4573 e
976 4473 1167 4592 crassis,
1196 4473 1401 4610 alteque
1426 4469 1712 4608 putandum
1740 4494 1819 4573 est

367 4643 612 4747 Nubibus
638 4648 935 4771 exstructis3
973 4686 1090 4749 nam
1118 4648 1242 4748 eoelo
1267 4645 1411 4747 nulla
1436 4681 1629 4765 seren0,

368 4818 483 4922 Nec
507 4820 684 4921 leviter
710 4820 877 4922 densis
901 4823 1176 4923 mittuntur
1201 4821 1425 4923 nubibus
1448 4859 1696 4960 unquam.
1780 4832 1783 4837 ’

357 4993 505 5100 ¹Nam
531 4993 687 5098 dubio
712 4997 893 5136 procul
914 4995 1010 5100 hoo
1038 4999 1148 5100 fieri
1171 4997 1437 5100 'manifesta
1462 4995 1610 5096 docet
1633 5032 1729 5116 res,
