4432 5984
363 342 463 453 164
700 368 758 455 Τ.
825 365 1257 457 L'UCRETII
1322 367 1534 463 CARI

361 617 557 722 Pabula
582 622 737 745 ducit,
764 649 867 724 eta
892 647 1023 725 tetro
1048 627 1239 727 resilire
1263 666 1459 730 veneno

362 790 547 931 Cogit3
585 835 747 935 eoque
771 799 921 898 modo
947 821 1207 899 servantur
1230 800 1380 900 saecla
1399 801 1638 911 ferarum.

432 966 532 1069 Hic
557 969 682 1071 odor
705 973 1010 1110 ipseigitur,
1035 972 1199 1070 nareis
1223 972 1522 1113 quicunque
1546 976 1772 1097 lacessit,

363 1138 456 1241 Est
480 1142 578 1240 alio
601 1147 840 1281 utpossit
862 1128 1087 1282 permitti
1112 1142 1312 1281 longius
1338 1146 1494 1272 alter3

361 1314 461 1413 Sed
489 1338 657 1417 tamen
684 1314 819 1415 haud
848 1319 1117 1455 quisquam
1143 1340 1245 1418 tam
1273 1318 1422 1457 longe
1448 1318 1610 1420 fertur
1631 1356 1828 1427 eorum

362 1485 530 1608 Quam
558 1492 765 1610 sonitus,
793 1529 944 1630 quarn
967 1530 1079 1610 vox,
1100 1492 1245 1590 mitto
1263 1491 1369 1629 jaru
1390 1491 1557 1593 dicere
1576 1530 1737 1632 quam
1758 1530 1873 1595 res·

362 1659 495 1782 Quae
521 1664 710 1764 feriunt
733 1665 991 1764 oculorum
1019 1666 1147 1766 acies
1165 1666 1431 1804 visumque
1456 1666 1747 1767 lacessunt:

361 1832 694 1937 Errabundus
719 1839 852 1937 enim
879 1837 1022 1937 tarde
1046 1838 1200 1956 venit,
1227 1876 1283 1937 ac
1308 1840 1443 1975 perit
1466 1861 1582 1939 aute

361 2007 631 2111 Paullatim
659 2011 817 2112 facilis
843 2012 1111 2112 distractus
1137 2012 1187 2110 iu
1216 2014 1344 2113 aeris
1368 2051 1545 2139 auras;

362 2182 443 2284 Ex
469 2185 570 2284 alto
597 2187 816 2321 primurn
844 2186 966 2323 quia
989 2186 1073 2285 vix
1100 2188 1350 2287 emittitur
1372 2226 1435 2286 ex
1463 2224 1533 2287 re.

363 2356 499 2458 Nam
527 2360 728 2493 penitus
754 2361 912 2458 fluere
933 2381 1086 2496 atque
1112 2362 1346 2463 recedere
1372 2360 1523 2464 rebus
1547 2362 1732 2467 odores

361 2530 639 2668 Significat,
668 2530 804 2670 quod
835 2530 993 2630 fracta
1017 2535 1177 2671 magis
1203 2534 1430 2637 redolere
1453 2536 1692 2639 videntur

362 2704 565 2825 Omnia,
594 2708 730 2843 quod
758 2709 989 2823 contrita,
1017 2707 1154 2845 quod
1181 2709 1286 2845 igni
1313 2708 1671 2814 conlabefacta.

294 2930 299 2939 ·
430 2876 632 2978 Deinde
657 2880 826 2980 videre
851 2848 969 2978 licet
994 2880 1265 3018 majoribus
1284 2921 1388 2983 esse
1414 2906 1638 2985 creatum

360 3049 628 3186 Principiis
654 3053 791 3174 voci3
831 3052 1069 3189 quoniam
1090 3091 1182 3190 per
1207 3094 1354 3156 saxea
1379 3080 1538 3195 saepta

362 3225 482 3327 Non
511 3251 758 3365 penetrat,
786 3266 888 3366 qua
912 3267 1009 3327 vox
1034 3230 1183 3365 volgo
1209 3232 1504 3367 sonitusque
1522 3229 1787 3339 feruntur.

362 3400 534 3520 Quare
560 3405 710 3503 etiam
738 3403 874 3551 quod
901 3405 1020 3523 olet,
1048 3442 1147 3503 nnn
1175 3425 1278 3503 tam
1303 3402 1447 3502 facile
1472 3440 1578 3503 esse
1600 3404 1814 3513 videbis
1865 3420 1870 3429 ’

361 3550 671 3721 investigare
696 3587 747 3683 in
775 3604 880 3722 qu'a
907 3586 971 3683 sit
995 3585 1200 3720 regione
1223 3581 1473 3681 locatum:

363 3754 663 3893 Refrigescit
688 3759 821 3856 enirn
848 3758 1134 3857 cunctando
1161 3755 1312 3891 plaga
1335 3791 1429 3891 per
1452 3791 1613 3873 auras,

364 3929 478 4031 Nec
502 3930 665 4031 calida
689 3931 750 4031 ad
780 3969 980 4032 sensum
1007 3928 1229 4031 decurrit
1254 3928 1432 4026 nuntia
1456 3965 1656 4052 rerum3

364 4102 551 4204 Errant
576 4143 708 4243 saepe
734 4145 880 4206 canes
905 4109 1096 4244 itaque,
1123 4124 1174 4201 et
1197 4100 1404 4236 vestigia
1432 4122 1690 4238 quaerunt.
1854 4206 1858 4211 ,

434 4274 484 4375 N
491 4316 546 4376 ec
570 4300 735 4376 tamen
764 4277 858 4378 hoc
884 4281 999 4378 solis
1025 4279 1076 4376 in
1102 4271 1358 4391 odoribus,
1379 4295 1533 4410 atque
1558 4310 1814 4410 saporum

364 4448 425 4550 ln
451 4478 636 4586 'genere
662 4473 763 4551 est:
805 4451 891 4551 sed
918 4454 1038 4551 item
1065 4450 1254 4586 species
1281 4485 1450 4546 rerum
1476 4470 1630 4585 atque
1654 4450 1903 4567 colores¹

365 4621 484 4724 Non
514 4623 584 4720 ita
609 4626 913 4725 conveniunt
938 4626 999 4724 ad
1028 4658 1199 4725 sensus
1223 4618 1457 4720 omnibus
1482 4656 1672 4741 omnes,

368 4796 437 4900 Ut
462 4836 559 4896 non
588 4798 688 4896 sint
712 4799 820 4898 aliis
847 4800 1081 4938 quaedam
1110 4798 1267 4932 magis
1291 4795 1423 4895 acria
1441 4796 1566 4896 visu.

432 4966 725 5095 Quinetiam
752 4972 961 5111 gallum,
989 4995 1186 5074 noctem
1211 4967 1639 5105 explaudentibus
1661 4974 1792 5101 alis,
