<?xml version="1.0" encoding="UTF-8"?>
<!DOCTYPE html PUBLIC "-//W3C//DTD XHTML 1.0 Transitional//EN"
    "http://www.w3.org/TR/xhtml1/DTD/xhtml1-transitional.dtd">
<html xmlns="http://www.w3.org/1999/xhtml" xml:lang="en" lang="en">
 <head>
  <title>
</title>
<meta http-equiv="Content-Type" content="text/html;charset=utf-8" />
  <meta name='ocr-system' content='tesseract 3.04.00' />
  <meta name='ocr-capabilities' content='ocr_page ocr_carea ocr_par ocr_line ocrx_word'/>
</head>
<body>
  <div class='ocr_page' id='page_1' title='image "./tlucretiicaride01carugoog_0227.png"; bbox 0 0 4432 5984; ppageno 0'>
   <div class='ocr_carea' id='block_1_1' title="bbox 362 358 1524 475">
    <p class='ocr_par' dir='ltr' id='par_1_1' title="bbox 362 358 1524 475">
     <span class='ocr_line' id='line_1_1' title="bbox 362 358 1524 475; baseline -0.009 -18"><span class='ocrx_word' id='word_1_1' title='bbox 362 362 463 475; x_wconf 63' lang='lat'>236</span> <span class='ocrx_word' id='word_1_2' title='bbox 699 365 759 455; x_wconf 87' lang='grc' dir='ltr'>Τ.</span> <span class='ocrx_word' id='word_1_3' title='bbox 819 360 1248 454; x_wconf 86' lang='lat' dir='ltr'>LUCRETII</span> <span class='ocrx_word' id='word_1_4' title='bbox 1312 358 1524 452; x_wconf 84' lang='lat' dir='ltr'>CARI</span> 
     </span>
    </p>
   </div>
   <div class='ocr_carea' id='block_1_2' title="bbox 365 616 1863 5102">
    <p class='ocr_par' dir='ltr' id='par_1_2' title="bbox 365 616 1721 912">
     <span class='ocr_line' id='line_1_2' title="bbox 366 616 1721 765; baseline -0.007 -36"><span class='ocrx_word' id='word_1_5' title='bbox 366 625 768 765; x_wconf 84' lang='lat' dir='ltr'>Nequidquam:</span> <span class='ocrx_word' id='word_1_6' title='bbox 810 623 1051 764; x_wconf 91' lang='lat' dir='ltr'>quoniam</span> <span class='ocrx_word' id='word_1_7' title='bbox 1077 622 1318 761; x_wconf 85' lang='lat' dir='ltr'>permista</span> <span class='ocrx_word' id='word_1_8' title='bbox 1335 616 1473 719; x_wconf 88' lang='lat' dir='ltr'>caede</span> <span class='ocrx_word' id='word_1_9' title='bbox 1499 616 1721 719; x_wconf 87' lang='lat' dir='ltr'>calentes</span> 
     </span>
     <span class='ocr_line' id='line_1_3' title="bbox 365 795 1520 912; baseline -0.007 -13"><span class='ocrx_word' id='word_1_10' title='bbox 365 795 668 899; x_wconf 86' lang='lat' dir='ltr'>Turbabant</span> <span class='ocrx_word' id='word_1_11' title='bbox 693 796 810 896; x_wconf 85' lang='lat' dir='ltr'>saevi</span> <span class='ocrx_word' id='word_1_12' title='bbox 836 799 976 897; x_wconf 87' lang='lat' dir='ltr'>nullo</span> <span class='ocrx_word' id='word_1_13' title='bbox 1003 796 1289 899; x_wconf 82' lang='lat' dir='ltr'>discrimine</span> <span class='ocrx_word' id='word_1_14' title='bbox 1313 814 1520 912; x_wconf 75' lang='lat' dir='ltr'>turmae,</span> 
     </span>
    </p>

    <p class='ocr_par' dir='ltr' id='par_1_3' title="bbox 366 968 1769 1627">
     <span class='ocr_line' id='line_1_4' title="bbox 366 968 1680 1108; baseline -0.002 -36"><span class='ocrx_word' id='word_1_15' title='bbox 366 971 414 1072; x_wconf 88' lang='lat' dir='ltr'>T</span> <span class='ocrx_word' id='word_1_16' title='bbox 415 969 632 1070; x_wconf 84' lang='lat' dir='ltr'>errificas</span> <span class='ocrx_word' id='word_1_17' title='bbox 657 969 881 1104; x_wconf 88' lang='lat' dir='ltr'>capitum</span> <span class='ocrx_word' id='word_1_18' title='bbox 910 971 1195 1108; x_wconf 80' lang='lat' dir='ltr'>quatientes</span> <span class='ocrx_word' id='word_1_19' title='bbox 1221 968 1452 1106; x_wconf 89' lang='lat' dir='ltr'>undique</span> <span class='ocrx_word' id='word_1_20' title='bbox 1478 968 1680 1093; x_wconf 83' lang='lat' dir='ltr'>cristas3</span> 
     </span>
     <span class='ocr_line' id='line_1_5' title="bbox 372 1141 1769 1282; baseline -0.001 -36"><span class='ocrx_word' id='word_1_21' title='bbox 372 1143 485 1246; x_wconf 76' lang='lat' dir='ltr'>Nec</span> <span class='ocrx_word' id='word_1_22' title='bbox 512 1164 748 1281; x_wconf 88' lang='lat' dir='ltr'>poterant</span> <span class='ocrx_word' id='word_1_23' title='bbox 773 1144 970 1278; x_wconf 84' lang='lat' dir='ltr'>equites</span> <span class='ocrx_word' id='word_1_24' title='bbox 995 1142 1201 1244; x_wconf 88' lang='lat' dir='ltr'>fremitu</span> <span class='ocrx_word' id='word_1_25' title='bbox 1227 1141 1495 1282; x_wconf 87' lang='lat' dir='ltr'>perterrita</span> <span class='ocrx_word' id='word_1_26' title='bbox 1520 1181 1769 1280; x_wconf 90' lang='lat' dir='ltr'>equorum</span> 
     </span>
     <span class='ocr_line' id='line_1_6' title="bbox 373 1314 1745 1433; baseline -0.001 -15"><span class='ocrx_word' id='word_1_27' title='bbox 373 1317 585 1419; x_wconf 84' lang='lat' dir='ltr'>Pectora</span> <span class='ocrx_word' id='word_1_28' title='bbox 611 1314 849 1433; x_wconf 88' lang='lat' dir='ltr'>mulcere,</span> <span class='ocrx_word' id='word_1_29' title='bbox 878 1337 931 1414; x_wconf 89' lang='lat' dir='ltr'>et</span> <span class='ocrx_word' id='word_1_30' title='bbox 953 1314 1124 1416; x_wconf 83' lang='lat' dir='ltr'>fraenis</span> <span class='ocrx_word' id='word_1_31' title='bbox 1151 1337 1440 1417; x_wconf 88' lang='lat' dir='ltr'>convertere</span> <span class='ocrx_word' id='word_1_32' title='bbox 1463 1315 1515 1414; x_wconf 92' lang='lat' dir='ltr'>in</span> <span class='ocrx_word' id='word_1_33' title='bbox 1541 1315 1745 1417; x_wconf 86' lang='lat' dir='ltr'>hosteis.</span> 
     </span>
     <span class='ocr_line' id='line_1_7' title="bbox 375 1486 1371 1627; baseline -0.003 -35"><span class='ocrx_word' id='word_1_34' title='bbox 375 1490 588 1592; x_wconf 87' lang='lat' dir='ltr'>Inritata</span> <span class='ocrx_word' id='word_1_35' title='bbox 611 1490 705 1588; x_wconf 86' lang='lat' dir='ltr'>leae</span> <span class='ocrx_word' id='word_1_36' title='bbox 724 1486 982 1624; x_wconf 87' lang='lat' dir='ltr'>jaciebant</span> <span class='ocrx_word' id='word_1_37' title='bbox 1007 1527 1217 1627; x_wconf 85' lang='lat' dir='ltr'>corpora</span> <span class='ocrx_word' id='word_1_38' title='bbox 1241 1489 1371 1590; x_wconf 90' lang='lat' dir='ltr'>saltn</span> 
     </span>
    </p>

    <p class='ocr_par' dir='ltr' id='par_1_4' title="bbox 376 1660 1758 2321">
     <span class='ocr_line' id='line_1_8' title="bbox 376 1660 1758 1804; baseline 0 -38"><span class='ocrx_word' id='word_1_39' title='bbox 376 1663 641 1801; x_wconf 89' lang='lat' dir='ltr'>Undique,</span> <span class='ocrx_word' id='word_1_40' title='bbox 668 1685 721 1761; x_wconf 93' lang='lat' dir='ltr'>et</span> <span class='ocrx_word' id='word_1_41' title='bbox 740 1662 1005 1762; x_wconf 88' lang='lat' dir='ltr'>advorsum</span> <span class='ocrx_word' id='word_1_42' title='bbox 1030 1660 1350 1763; x_wconf 88' lang='lat' dir='ltr'>venientibus</span> <span class='ocrx_word' id='word_1_43' title='bbox 1375 1701 1463 1764; x_wconf 86' lang='lat' dir='ltr'>ora</span> <span class='ocrx_word' id='word_1_44' title='bbox 1486 1663 1758 1804; x_wconf 88' lang='lat' dir='ltr'>petebant:</span> 
     </span>
     <span class='ocr_line' id='line_1_9' title="bbox 376 1833 1447 1973; baseline -0.002 -35"><span class='ocrx_word' id='word_1_45' title='bbox 376 1838 445 1938; x_wconf 88' lang='lat' dir='ltr'>Et</span> <span class='ocrx_word' id='word_1_46' title='bbox 469 1876 562 1938; x_wconf 91' lang='lat' dir='ltr'>nec</span> <span class='ocrx_word' id='word_1_47' title='bbox 581 1834 864 1973; x_wconf 87' lang='lat' dir='ltr'>opinanteis</span> <span class='ocrx_word' id='word_1_48' title='bbox 891 1873 920 1934; x_wconf 89' lang='lat' dir='ltr'>a</span> <span class='ocrx_word' id='word_1_49' title='bbox 943 1858 1087 1972; x_wconf 88' lang='lat' dir='ltr'>tergo</span> <span class='ocrx_word' id='word_1_50' title='bbox 1113 1833 1447 1971; x_wconf 85' lang='lat' dir='ltr'>deripiebant,</span> 
     </span>
     <span class='ocr_line' id='line_1_10' title="bbox 378 2007 1702 2149; baseline 0 -37"><span class='ocrx_word' id='word_1_51' title='bbox 378 2010 733 2149; x_wconf 85' lang='lat' dir='ltr'>Deplexaeque</span> <span class='ocrx_word' id='word_1_52' title='bbox 759 2007 950 2108; x_wconf 86' lang='lat' dir='ltr'>dabant</span> <span class='ocrx_word' id='word_1_53' title='bbox 974 2011 1023 2108; x_wconf 92' lang='lat' dir='ltr'>in</span> <span class='ocrx_word' id='word_1_54' title='bbox 1052 2032 1236 2108; x_wconf 87' lang='lat' dir='ltr'>terram</span> <span class='ocrx_word' id='word_1_55' title='bbox 1263 2009 1466 2109; x_wconf 89' lang='lat' dir='ltr'>volnere</span> <span class='ocrx_word' id='word_1_56' title='bbox 1491 2011 1702 2134; x_wconf 87' lang='lat' dir='ltr'>vinctos,</span> 
     </span>
     <span class='ocr_line' id='line_1_11' title="bbox 379 2181 1701 2321; baseline 0 -36"><span class='ocrx_word' id='word_1_57' title='bbox 379 2183 637 2286; x_wconf 88' lang='lat' dir='ltr'>Morsibus</span> <span class='ocrx_word' id='word_1_58' title='bbox 663 2185 845 2284; x_wconf 86' lang='lat' dir='ltr'>adfixae</span> <span class='ocrx_word' id='word_1_59' title='bbox 870 2183 1048 2284; x_wconf 87' lang='lat' dir='ltr'>validis</span> <span class='ocrx_word' id='word_1_60' title='bbox 1074 2206 1228 2320; x_wconf 87' lang='lat' dir='ltr'>atque</span> <span class='ocrx_word' id='word_1_61' title='bbox 1256 2181 1516 2321; x_wconf 89' lang='lat' dir='ltr'>unguibus</span> <span class='ocrx_word' id='word_1_62' title='bbox 1543 2187 1701 2286; x_wconf 89' lang='lat' dir='ltr'>uncis:</span> 
     </span>
    </p>

    <p class='ocr_par' dir='ltr' id='par_1_5' title="bbox 377 2355 1858 3017">
     <span class='ocr_line' id='line_1_12' title="bbox 377 2355 1704 2497; baseline -0.002 -37"><span class='ocrx_word' id='word_1_63' title='bbox 377 2358 410 2460; x_wconf 92' lang='lat' dir='ltr'>J</span> <span class='ocrx_word' id='word_1_64' title='bbox 415 2356 753 2497; x_wconf 80' lang='lat' dir='ltr'>notabantque</span> <span class='ocrx_word' id='word_1_65' title='bbox 780 2396 895 2458; x_wconf 86' lang='lat' dir='ltr'>suos</span> <span class='ocrx_word' id='word_1_66' title='bbox 920 2358 1068 2476; x_wconf 90' lang='lat' dir='ltr'>tauri,</span> <span class='ocrx_word' id='word_1_67' title='bbox 1095 2355 1415 2495; x_wconf 88' lang='lat' dir='ltr'>pedibusque</span> <span class='ocrx_word' id='word_1_68' title='bbox 1442 2357 1704 2484; x_wconf 73' lang='lat' dir='ltr'>terebant:</span> 
     </span>
     <span class='ocr_line' id='line_1_13' title="bbox 380 2529 1713 2670; baseline 0 -36"><span class='ocrx_word' id='word_1_69' title='bbox 380 2533 451 2634; x_wconf 89' lang='lat' dir='ltr'>Et</span> <span class='ocrx_word' id='word_1_70' title='bbox 474 2535 631 2634; x_wconf 89' lang='lat' dir='ltr'>latera</span> <span class='ocrx_word' id='word_1_71' title='bbox 656 2571 712 2633; x_wconf 87' lang='lat' dir='ltr'>ac</span> <span class='ocrx_word' id='word_1_72' title='bbox 737 2556 937 2633; x_wconf 89' lang='lat' dir='ltr'>ventres</span> <span class='ocrx_word' id='word_1_73' title='bbox 963 2531 1238 2633; x_wconf 87' lang='lat' dir='ltr'>hauribant</span> <span class='ocrx_word' id='word_1_74' title='bbox 1263 2529 1438 2631; x_wconf 89' lang='lat' dir='ltr'>subter</span> <span class='ocrx_word' id='word_1_75' title='bbox 1463 2571 1713 2670; x_wconf 90' lang='lat' dir='ltr'>equorum</span> 
     </span>
     <span class='ocr_line' id='line_1_14' title="bbox 383 2705 1858 2842; baseline -0.001 -32"><span class='ocrx_word' id='word_1_76' title='bbox 383 2706 651 2826; x_wconf 77' lang='lat' dir='ltr'>CornibuS,</span> <span class='ocrx_word' id='word_1_77' title='bbox 678 2708 743 2807; x_wconf 87' lang='lat' dir='ltr'>ad</span> <span class='ocrx_word' id='word_1_78' title='bbox 768 2731 1059 2842; x_wconf 85' lang='lat' dir='ltr'>terramque</span> <span class='ocrx_word' id='word_1_79' title='bbox 1085 2706 1295 2805; x_wconf 87' lang='lat' dir='ltr'>minanti</span> <span class='ocrx_word' id='word_1_80' title='bbox 1323 2727 1490 2805; x_wconf 91' lang='lat' dir='ltr'>mente</span> <span class='ocrx_word' id='word_1_81' title='bbox 1515 2705 1748 2810; x_wconf 87' lang='lat' dir='ltr'>ruebant.</span> <span class='ocrx_word' id='word_1_82' title='bbox 1854 2716 1858 2721; x_wconf 76' lang='grc'><strong>’</strong></span> 
     </span>
     <span class='ocr_line' id='line_1_15' title="bbox 381 2877 1537 3017; baseline -0.003 -35"><span class='ocrx_word' id='word_1_83' title='bbox 381 2884 454 2982; x_wconf 92' lang='lat' dir='ltr'>At</span> <span class='ocrx_word' id='word_1_84' title='bbox 477 2882 655 2984; x_wconf 88' lang='lat' dir='ltr'>validis</span> <span class='ocrx_word' id='word_1_85' title='bbox 676 2881 833 2981; x_wconf 88' lang='lat' dir='ltr'>socios</span> <span class='ocrx_word' id='word_1_86' title='bbox 859 2878 1124 2979; x_wconf 88' lang='lat' dir='ltr'>caedebant</span> <span class='ocrx_word' id='word_1_87' title='bbox 1149 2877 1386 2979; x_wconf 89' lang='lat' dir='ltr'>dentibus</span> <span class='ocrx_word' id='word_1_88' title='bbox 1411 2882 1537 3017; x_wconf 91' lang='lat' dir='ltr'>apri,</span> 
     </span>
    </p>

    <p class='ocr_par' dir='ltr' id='par_1_6' title="bbox 387 3053 1672 3190">
     <span class='ocr_line' id='line_1_16' title="bbox 387 3053 1672 3190; baseline 0.002 -36"><span class='ocrx_word' id='word_1_89' title='bbox 387 3073 419 3116; x_wconf 90' lang='lat'><strong>“</strong></span> <span class='ocrx_word' id='word_1_90' title='bbox 437 3053 564 3154; x_wconf 83' lang='lat' dir='ltr'>Tela</span> <span class='ocrx_word' id='word_1_91' title='bbox 588 3053 800 3153; x_wconf 89' lang='lat' dir='ltr'>infracta</span> <span class='ocrx_word' id='word_1_92' title='bbox 826 3090 915 3153; x_wconf 92' lang='lat' dir='ltr'>suo</span> <span class='ocrx_word' id='word_1_93' title='bbox 941 3053 1230 3190; x_wconf 86' lang='lat' dir='ltr'>tinguentes</span> <span class='ocrx_word' id='word_1_94' title='bbox 1256 3055 1500 3190; x_wconf 86' lang='lat' dir='ltr'>sanguine</span> <span class='ocrx_word' id='word_1_95' title='bbox 1526 3056 1672 3157; x_wconf 87' lang='lat' dir='ltr'>saevi:</span> 
     </span>
    </p>

    <p class='ocr_par' dir='ltr' id='par_1_7' title="bbox 385 3225 1804 3675">
     <span class='ocr_line' id='line_1_17' title="bbox 386 3225 1623 3364; baseline 0.002 -36"><span class='ocrx_word' id='word_1_96' title='bbox 386 3245 418 3286; x_wconf 91' lang='lat'><strong>“</strong></span> <span class='ocrx_word' id='word_1_97' title='bbox 441 3225 501 3328; x_wconf 93' lang='lat' dir='ltr'>In</span> <span class='ocrx_word' id='word_1_98' title='bbox 529 3267 580 3327; x_wconf 85' lang='lat' dir='ltr'>se</span> <span class='ocrx_word' id='word_1_99' title='bbox 605 3227 764 3327; x_wconf 83' lang='lat' dir='ltr'>fracta</span> <span class='ocrx_word' id='word_1_100' title='bbox 791 3265 881 3326; x_wconf 95' lang='lat' dir='ltr'>suo</span> <span class='ocrx_word' id='word_1_101' title='bbox 906 3228 1197 3364; x_wconf 86' lang='lat' dir='ltr'>tinguentes</span> <span class='ocrx_word' id='word_1_102' title='bbox 1223 3229 1468 3363; x_wconf 84' lang='lat' dir='ltr'>sanguine</span> <span class='ocrx_word' id='word_1_103' title='bbox 1494 3228 1623 3330; x_wconf 90' lang='lat' dir='ltr'>tela:</span> 
     </span>
     <span class='ocr_line' id='line_1_18' title="bbox 385 3398 1804 3538; baseline 0.001 -36"><span class='ocrx_word' id='word_1_104' title='bbox 385 3400 759 3538; x_wconf 87' lang='lat' dir='ltr'>Permistasque</span> <span class='ocrx_word' id='word_1_105' title='bbox 786 3398 976 3499; x_wconf 84' lang='lat' dir='ltr'>dabant</span> <span class='ocrx_word' id='word_1_106' title='bbox 1001 3401 1234 3538; x_wconf 88' lang='lat' dir='ltr'>equitum</span> <span class='ocrx_word' id='word_1_107' title='bbox 1259 3398 1595 3538; x_wconf 86' lang='lat' dir='ltr'>peditumque</span> <span class='ocrx_word' id='word_1_108' title='bbox 1620 3402 1804 3503; x_wconf 85' lang='lat' dir='ltr'>ruinas.</span> 
     </span>
     <span class='ocr_line' id='line_1_19' title="bbox 388 3546 1641 3675; baseline 0.002 -3"><span class='ocrx_word' id='word_1_109' title='bbox 388 3570 525 3672; x_wconf 88' lang='lat' dir='ltr'>Nam</span> <span class='ocrx_word' id='word_1_110' title='bbox 551 3546 830 3671; x_wconf 88' lang='lat' dir='ltr'>transversa</span> <span class='ocrx_word' id='word_1_111' title='bbox 853 3571 985 3671; x_wconf 89' lang='lat' dir='ltr'>feros</span> <span class='ocrx_word' id='word_1_112' title='bbox 1011 3569 1220 3670; x_wconf 83' lang='lat' dir='ltr'>exibant</span> <span class='ocrx_word' id='word_1_113' title='bbox 1245 3571 1409 3670; x_wconf 87' lang='lat' dir='ltr'>dentis</span> <span class='ocrx_word' id='word_1_114' title='bbox 1435 3574 1641 3675; x_wconf 86' lang='lat' dir='ltr'>adactus</span> 
     </span>
    </p>

    <p class='ocr_par' dir='ltr' id='par_1_8' title="bbox 385 3742 1863 5102">
     <span class='ocr_line' id='line_1_20' title="bbox 385 3742 1691 3882; baseline 0.002 -36"><span class='ocrx_word' id='word_1_115' title='bbox 385 3746 418 3848; x_wconf 89' lang='lat' dir='ltr'>J</span> <span class='ocrx_word' id='word_1_116' title='bbox 427 3768 644 3865; x_wconf 88' lang='lat' dir='ltr'>omenta,</span> <span class='ocrx_word' id='word_1_117' title='bbox 672 3768 760 3845; x_wconf 92' lang='lat' dir='ltr'>aut</span> <span class='ocrx_word' id='word_1_118' title='bbox 785 3742 1002 3882; x_wconf 88' lang='lat' dir='ltr'>pedibus</span> <span class='ocrx_word' id='word_1_119' title='bbox 1028 3767 1202 3844; x_wconf 86' lang='lat' dir='ltr'>ventos</span> <span class='ocrx_word' id='word_1_120' title='bbox 1229 3767 1394 3843; x_wconf 88' lang='lat' dir='ltr'>erecta</span> <span class='ocrx_word' id='word_1_121' title='bbox 1419 3744 1691 3879; x_wconf 89' lang='lat' dir='ltr'>petebant:</span> 
     </span>
     <span class='ocr_line' id='line_1_21' title="bbox 392 3918 1753 4058; baseline 0.001 -37"><span class='ocrx_word' id='word_1_122' title='bbox 392 3919 792 4058; x_wconf 87' lang='lat' dir='ltr'>Nequidquam:</span> <span class='ocrx_word' id='word_1_123' title='bbox 833 3920 1073 4058; x_wconf 90' lang='lat' dir='ltr'>quoniam</span> <span class='ocrx_word' id='word_1_124' title='bbox 1101 3956 1131 4017; x_wconf 90' lang='lat' dir='ltr'>a</span> <span class='ocrx_word' id='word_1_125' title='bbox 1156 3918 1319 4018; x_wconf 88' lang='lat' dir='ltr'>nervis</span> <span class='ocrx_word' id='word_1_126' title='bbox 1345 3919 1534 4019; x_wconf 90' lang='lat' dir='ltr'>succisa</span> <span class='ocrx_word' id='word_1_127' title='bbox 1557 3918 1753 4023; x_wconf 87' lang='lat' dir='ltr'>videres</span> 
     </span>
     <span class='ocr_line' id='line_1_22' title="bbox 392 4092 1863 4232; baseline -0.001 -37"><span class='ocrx_word' id='word_1_128' title='bbox 392 4092 689 4212; x_wconf 79' lang='lat' dir='ltr'>Concidere,</span> <span class='ocrx_word' id='word_1_129' title='bbox 715 4116 871 4232; x_wconf 92' lang='lat' dir='ltr'>atque</span> <span class='ocrx_word' id='word_1_130' title='bbox 898 4094 1038 4229; x_wconf 85' lang='lat' dir='ltr'>gravi</span> <span class='ocrx_word' id='word_1_131' title='bbox 1064 4114 1248 4192; x_wconf 89' lang='lat' dir='ltr'>terram</span> <span class='ocrx_word' id='word_1_132' title='bbox 1274 4114 1591 4193; x_wconf 87' lang='lat' dir='ltr'>consternere</span> <span class='ocrx_word' id='word_1_133' title='bbox 1616 4130 1749 4195; x_wconf 88' lang='lat' dir='ltr'>casu.</span> <span class='ocrx_word' id='word_1_134' title='bbox 1860 4104 1863 4109; x_wconf 78' lang='grc'><strong>’</strong></span> 
     </span>
     <span class='ocr_line' id='line_1_23' title="bbox 392 4263 1859 4402; baseline 0.003 -38"><span class='ocrx_word' id='word_1_135' title='bbox 392 4265 491 4384; x_wconf 87' lang='lat' dir='ltr'>Sic,</span> <span class='ocrx_word' id='word_1_136' title='bbox 520 4301 648 4402; x_wconf 92' lang='lat' dir='ltr'>quos</span> <span class='ocrx_word' id='word_1_137' title='bbox 673 4286 788 4363; x_wconf 90' lang='lat' dir='ltr'>ante</span> <span class='ocrx_word' id='word_1_138' title='bbox 815 4264 951 4364; x_wconf 90' lang='lat' dir='ltr'>domi</span> <span class='ocrx_word' id='word_1_139' title='bbox 978 4266 1192 4365; x_wconf 91' lang='lat' dir='ltr'>domitos</span> <span class='ocrx_word' id='word_1_140' title='bbox 1218 4267 1334 4366; x_wconf 88' lang='lat' dir='ltr'>satis</span> <span class='ocrx_word' id='word_1_141' title='bbox 1361 4302 1465 4364; x_wconf 89' lang='lat' dir='ltr'>esse</span> <span class='ocrx_word' id='word_1_142' title='bbox 1491 4263 1757 4401; x_wconf 74' lang='lat' dir='ltr'>putabant,</span> <span class='ocrx_word' id='word_1_143' title='bbox 1848 4376 1859 4391; x_wconf 57' lang='grc'>,</span> 
     </span>
     <span class='ocr_line' id='line_1_24' title="bbox 393 4437 1545 4578; baseline 0 -37"><span class='ocrx_word' id='word_1_144' title='bbox 393 4439 735 4541; x_wconf 86' lang='lat' dir='ltr'>Effervescere</span> <span class='ocrx_word' id='word_1_145' title='bbox 760 4437 1034 4539; x_wconf 90' lang='lat' dir='ltr'>cernebant</span> <span class='ocrx_word' id='word_1_146' title='bbox 1059 4440 1111 4538; x_wconf 89' lang='lat' dir='ltr'>in</span> <span class='ocrx_word' id='word_1_147' title='bbox 1137 4439 1288 4540; x_wconf 86' lang='lat' dir='ltr'>rebus</span> <span class='ocrx_word' id='word_1_148' title='bbox 1313 4440 1545 4578; x_wconf 88' lang='lat' dir='ltr'>agundis,</span> 
     </span>
     <span class='ocr_line' id='line_1_25' title="bbox 393 4612 1654 4750; baseline 0.006 -36"><span class='ocrx_word' id='word_1_149' title='bbox 393 4612 716 4733; x_wconf 79' lang='lat' dir='ltr'>Volneribusr,</span> <span class='ocrx_word' id='word_1_150' title='bbox 742 4614 974 4732; x_wconf 89' lang='lat' dir='ltr'>clamore,</span> <span class='ocrx_word' id='word_1_151' title='bbox 1001 4612 1139 4750; x_wconf 86' lang='lat' dir='ltr'>fuga,</span> <span class='ocrx_word' id='word_1_152' title='bbox 1167 4636 1371 4732; x_wconf 87' lang='lat' dir='ltr'>terrore,</span> <span class='ocrx_word' id='word_1_153' title='bbox 1401 4618 1654 4722; x_wconf 82' lang='lat' dir='ltr'>tumultu:</span> 
     </span>
     <span class='ocr_line' id='line_1_26' title="bbox 397 4787 1702 4926; baseline 0 -34"><span class='ocrx_word' id='word_1_154' title='bbox 397 4787 510 4892; x_wconf 89' lang='lat' dir='ltr'>Nec</span> <span class='ocrx_word' id='word_1_155' title='bbox 536 4802 771 4926; x_wconf 87' lang='lat' dir='ltr'>poterant</span> <span class='ocrx_word' id='word_1_156' title='bbox 794 4789 949 4888; x_wconf 86' lang='lat' dir='ltr'>ullam</span> <span class='ocrx_word' id='word_1_157' title='bbox 976 4812 1172 4926; x_wconf 88' lang='lat' dir='ltr'>partem</span> <span class='ocrx_word' id='word_1_158' title='bbox 1198 4788 1438 4888; x_wconf 90' lang='lat' dir='ltr'>reducere</span> <span class='ocrx_word' id='word_1_159' title='bbox 1464 4829 1656 4895; x_wconf 88' lang='lat' dir='ltr'>eorum.</span> <span class='ocrx_word' id='word_1_160' title='bbox 1699 4830 1702 4834; x_wconf 84' lang='lat'>·</span> 
     </span>
     <span class='ocr_line' id='line_1_27' title="bbox 398 4958 1728 5102; baseline 0.015 -51"><span class='ocrx_word' id='word_1_161' title='bbox 398 4958 717 5099; x_wconf 83' lang='lat' dir='ltr'>Diffugiebat</span> <span class='ocrx_word' id='word_1_162' title='bbox 743 4961 874 5061; x_wconf 91' lang='lat' dir='ltr'>enim</span> <span class='ocrx_word' id='word_1_163' title='bbox 902 4963 1094 5065; x_wconf 84' lang='lat' dir='ltr'>varium</span> <span class='ocrx_word' id='word_1_164' title='bbox 1120 5001 1280 5102; x_wconf 87' lang='lat' dir='ltr'>genus</span> <span class='ocrx_word' id='word_1_165' title='bbox 1305 5003 1452 5066; x_wconf 87' lang='lat' dir='ltr'>omne</span> <span class='ocrx_word' id='word_1_166' title='bbox 1477 4966 1728 5072; x_wconf 84' lang='lat' dir='ltr'>ferarum:</span> 
     </span>
    </p>
   </div>
   <div class='ocr_carea' id='block_1_3' title="bbox 0 0 2244 5984">
    <p class='ocr_par' dir='ltr' id='par_1_9' title="bbox 0 0 2244 5984">
     <span class='ocr_line' id='line_1_28' title="bbox 0 0 2244 5984; baseline 0 0"><span class='ocrx_word' id='word_1_167' title='bbox 0 0 2244 5984; x_wconf 95' lang='lat' dir='ltr'> </span> 
     </span>
    </p>
   </div>
  </div>
 </body>
</html>
