4432 5984
754 346 1032 448 mnan
1094 293 1444 458 snxrus.
1589 493 1593 499 ι
1750 363 1850 459 aas

357 610 512 733 Quod
543 613 694 715 simul
720 652 750 714 a
774 613 939 715 fronte
966 640 1042 717 est
1067 621 1253 721 annelli
1279 624 1438 743 rarior
1463 627 1549 724 aer

353 785 552 908 Factus
581 788 907 928 inanitusque
932 790 1072 891 locus
1098 797 1258 933 magis
1284 837 1340 898 ac
1365 823 1622 922 vacuatur,
1787 874 1794 892 .

354 959 610 1064 Continuo
636 965 710 1083 fit,
745 965 821 1063 uti
848 967 938 1104 qui
966 990 1180 1103 postest
1206 1010 1409 1111 cunque
1435 974 1631 1076 locatus
1801 1014 1804 1021 ·

350 1137 472 1259 Aer,
501 1176 530 1237 a
555 1162 699 1276 tergo
727 1140 869 1278 quasi
896 1140 1142 1276 provehat
1166 1166 1320 1282 atque
1345 1148 1627 1284 propellat;

353 1310 566 1450 Semper
591 1315 727 1412 enim
753 1314 939 1413 circum
965 1316 1160 1451 positus
1184 1357 1264 1419 res
1288 1320 1523 1423 verberat
1548 1327 1649 1425 aer.

352 1483 454 1587 Sed
480 1488 569 1588 tali
594 1488 654 1587 fit
679 1489 752 1587 uti
779 1489 1033 1626 propellat
1056 1511 1284 1629 tempore
1310 1492 1516 1617 ferrum,

350 1661 502 1763 Parte
530 1662 666 1802 quod
695 1701 759 1761 ex
786 1692 887 1762 una
913 1663 1133 1799 spatium
1157 1691 1317 1787 vacat,
1345 1692 1395 1768 et
1420 1673 1557 1809 capit
1580 1673 1632 1772 in
1660 1712 1730 1775 se.

350 1833 468 1959 Hic,
495 1837 606 1959 tibi,
629 1876 781 1977 quem
802 1875 1040 1958 memoro,
1060 1867 1155 1975 per
1173 1841 1350 1942 crebra
1368 1842 1617 1946 foramina
1633 1846 1754 1948 ferri

348 2008 534 2114 Parvas
560 2013 620 2113 ad
650 2014 838 2150 parteis
864 2011 1117 2114 subtiliter
1142 2016 1442 2138 insinuatus
1525 2024 1528 2029 ’
1590 2087 1598 2104 -

345 2188 533 2293 Trudit
558 2216 609 2294 et
635 2191 867 2330 impellit,
897 2191 1039 2330 quasi
1067 2192 1234 2290 navim
1258 2193 1472 2332 velaque
1496 2178 1695 2298 ventus

419 2365 662 2506 Denique
694 2406 772 2467 res
798 2405 973 2466 omnes
1000 2364 1190 2466 debent
1215 2367 1268 2466 in
1297 2402 1505 2503 corpore
1532 2365 1719 2471 habere
1790 2330 1795 2340 .

344 2544 496 2663 Aera,
526 2540 944 2682 quandoquidem
974 2579 1086 2641 raro
1112 2565 1232 2642 sunt
1258 2543 1483 2682 corpore,
1512 2569 1563 2646 et
1587 2551 1675 2647 aer

349 2719 604 2820 Omnibus
630 2742 705 2818 est
729 2718 880 2819 rebus
905 2720 1244 2820 circumdatus
1271 2718 1653 2857 adp0situsque.

346 2890 447 2995 Hic
474 2893 632 3030 igitur
649 2893 852 3029 penitus
880 2894 967 3030 qui
995 2893 1047 2992 in
1073 2893 1208 2993 ferro
1235 2914 1312 2991 est
1337 2889 1539 2995 abditus
1565 2899 1666 3016 aer,

346 3065 570 3167 Sollicito
596 3089 735 3165 motu
762 3105 961 3205 semper
979 3067 1216 3205 jactatur,
1246 3107 1411 3208 eoque

342 3238 593 3342 Verberat
618 3242 875 3340 annellum
902 3239 1060 3342 dubio
1086 3245 1295 3381 procul;
1335 3266 1386 3343 et
1411 3243 1509 3344 ciet
1533 3244 1672 3345 intus

345 3412 576 3515 Scilicet:
617 3437 773 3552 atque
800 3414 978 3515 eodem
1004 3416 1182 3537 fertur,
1211 3456 1314 3556 quo
1338 3418 1691 3555 praecipitavit·

339 3587 373 3690 J
378 3627 457 3689 am
479 3590 648 3709 semel,
666 3610 718 3688 et
736 3628 1050 3730 quamquam
1071 3591 1120 3689 in
1143 3614 1337 3729 partem
1359 3591 1620 3691 conamina
1641 3592 1832 3692 sumsit.

413 3762 496 3862 Fit
521 3801 728 3902 quoque
755 3786 813 3862 ut
838 3803 866 3862 a
890 3762 1061 3900 lapide
1089 3763 1182 3866 hoc
1208 3766 1326 3865 ferri
1355 3788 1538 3864 natura
1562 3764 1767 3865 recedat

343 3935 626 4057 Interdum,
654 3936 831 4074 fugere
858 3961 1012 4075 atque
1038 3940 1181 4075 sequi
1209 3959 1448 4039 consueta
1472 3937 1701 4038 vicissim.

342 4112 612 4215 Exsultare
639 4115 787 4213 etiam
819 4113 1163 4214 Samothracia
1187 4110 1349 4210 ferrea
1371 4110 1507 4236 vidi3

340 4287 412 4390 Et
436 4311 662 4388 ramenta
688 4290 836 4387 simul
862 4288 981 4388 ferri
1008 4288 1175 4388 furere
1201 4289 1337 4387 intus
1364 4284 1537 4385 ahenis

341 4463 400 4564 ln
430 4462 661 4601 scaphiis
690 4463 817 4599 lapis
846 4461 925 4563 hic
951 4502 1157 4601 magnes
1185 4501 1340 4602 quom
1367 4459 1603 4562 subditus
1628 4485 1785 4563 esset:

339 4637 647 4778 Usqueadeo
673 4638 850 4774 fugere
876 4676 905 4737 a
931 4676 1052 4740 saxo
1077 4641 1263 4776 gestire
1289 4637 1489 4739 videtur

339 4814 464 4914 AEre
490 4813 814 4951 interposit03
856 4815 1106 4915 discordia
1129 4836 1273 4913 tanta
1297 4836 1497 4914 creatur
1505 4852 1519 4936 ;

341 4988 631 5126 Propterea,
660 4990 782 5127 quia
807 4989 1047 5090 nimirum
1075 4990 1216 5128 prius
1244 5010 1396 5091 aestus
1422 4983 1514 5087 ubi
1540 4987 1652 5085 aeris
