4432 5984
358 316 460 413 204
682 318 741 407 Τ.
810 318 1242 409 LUCRETII
1309 318 1520 409 CARI

357 577 587 680 Tandem
614 577 912 677 conveniant
940 615 1014 696 ea,
1043 615 1161 715 quae
1187 599 1434 676 conventa
1460 558 1671 713 repente

363 752 670 890 Magnarum
696 788 865 850 rerum
892 749 1018 849 fiant
1043 749 1251 848 exordia
1276 786 1427 885 saepe,

360 925 408 1025 T
408 933 553 1045 erra'i,
581 925 746 1042 mario,
773 946 824 1021 et
848 923 977 1041 coeli,
1004 924 1308 1059 generisque
1333 923 1665 1039 animantum.

437 1098 536 1198 Hic
564 1133 729 1234 neque
754 1118 863 1194 tum
890 1096 1006 1195 solis
1032 1120 1143 1197 rota
1167 1099 1303 1199 cerni
1329 1098 1520 1197 lumine
1546 1099 1689 1239 largo

362 1273 643 1375 Altivolans
669 1290 883 1407 poterat,
909 1305 1077 1405 neque
1105 1270 1272 1405 magni
1300 1269 1466 1371 sidera
1490 1273 1684 1395 mundi,

366 1448 481 1549 Nec
508 1484 660 1562 mare,
687 1480 779 1541 nec
805 1442 1002 1559 coelum,
1023 1479 1116 1542 nec
1141 1441 1364 1579 denique
1390 1466 1539 1565 terra,
1562 1485 1728 1586 neque
1748 1450 1864 1569 aer,

366 1620 480 1722 Nec
506 1618 679 1719 similis
706 1615 887 1715 nostris
913 1612 1063 1713 rebus
1088 1652 1167 1714 res
1193 1614 1294 1714 ulla
1316 1616 1503 1763 ¹videri:

367 1794 466 1895 Sed
495 1831 623 1893 nova
647 1814 919 1927 tempestas
945 1790 1199 1928 quoedam,
1227 1791 1484 1927 molesque
1509 1814 1693 1895 coorta.

367 1964 634 2104 Diffugere
661 1964 778 2064 inde
806 1964 901 2063 loci
929 1985 1096 2101 partes
1121 2001 1332 2100 coepere,
1359 2000 1610 2103 paresque

368 2139 500 2241 Cum
528 2138 732 2276 paribus
748 2136 900 2274 jungi
926 2176 1020 2255 res,
1048 2158 1099 2236 et
1125 2135 1408 2239 discludere
1433 2138 1701 2257 muudum,

368 2304 705 2452 Membraque
733 2308 972 2427 dividere,
999 2332 1051 2409 et
1074 2348 1282 2447 magnas
1309 2310 1574 2446 disponere
1599 2312 1789 2450 parteis

367 2487 670 2625 Omnigenis
695 2526 722 2585 e
748 2484 1027 2623 principiis,
1056 2483 1308 2583 discordia
1333 2523 1554 2623 quorum

365 2662 651 2780 Intervalla,
679 2662 797 2775 vias,
825 2696 1098 2777 connexus,
1126 2658 1369 2795 pondera,
1395 2661 1588 2799 plagas,

368 2837 673 2969 Concursus,
702 2858 865 2935 motus
891 2832 1147 2952 turbabat,
1175 2834 1353 2970 proelia
1377 2836 1607 2955 miscens,

369 3010 585 3147 Propter
610 3009 891 3109 dissimileis
917 3007 1099 3107 formas
1125 3008 1387 3144 variasque
1412 3008 1631 3144 figuras3

369 3184 526 3304 Quod
555 3222 653 3282 non
680 3182 848 3281 omnia
873 3183 942 3283 sic
969 3204 1203 3320 poterant
1227 3183 1494 3320 conjuncta
1519 3222 1737 3307 manere,

369 3358 483 3461 Nec
509 3380 673 3456 motus
700 3358 832 3455 inter
857 3394 961 3455 sese
988 3355 1108 3456 dare
1135 3357 1535 3457 convenienteis:

369 3532 483 3634 Hoc
509 3554 637 3631 esta
661 3530 808 3630 terris
834 3532 990 3630 altum
1019 3566 1276 3628 secernere
1302 3529 1502 3647 coelum,

369 3702 437 3804 Et
463 3740 683 3803 seorsum
712 3740 846 3800 mare
872 3702 946 3801 uti
974 3724 1164 3800 secreto
1190 3699 1401 3800 humore
1426 3726 1640 3841 pateret,

370 3878 577 3979 Seorsus
603 3878 722 3976 item
748 3878 865 4012 puri
893 3874 1172 4012 secretique
1199 3873 1400 3975 aetberis
1424 3877 1584 4014 ignes.

439 4051 647 4190 Quippe
674 4051 859 4150 etenim
886 4049 1107 4184 primum
1134 4054 1287 4146 terrai
1311 4086 1522 4187 corpora
1547 4052 1789 4193 quaeque,
1816 4062 1822 4071 ’

369 4224 644 4363 Propterea
670 4222 807 4363 quod
835 4244 978 4320 erant
1003 4220 1189 4357 gravia,
1217 4243 1268 4319 et
1294 4225 1551 4361 perplexa,
1579 4224 1800 4351 coibant,
1900 4250 1906 4267 ‘

370 4398 430 4499 ln
459 4399 727 4535 medioque
754 4398 876 4495 imas
901 4389 1170 4531 capiebant
1194 4394 1362 4491 omnia
1387 4397 1561 4499 sedes:

370 4572 502 4694 Quae
529 4595 721 4710 quanto
747 4570 906 4706 magis
932 4568 1063 4666 inter
1088 4604 1139 4665 se
1166 4568 1407 4705 perplexa
1432 4572 1651 4693 coibant,

1126 4710 1141 4743 2

366 4747 496 4848 'l'am
524 4748 684 4884 magis
710 4782 1000 4882 expressere
1027 4784 1101 4864 ea,
1129 4784 1248 4883 quoe
1274 4782 1427 4863 mare,
1455 4744 1635 4863 sidera,
1662 4743 1838 4867 solem,

308 4904 316 4919 ⁸
371 4922 676 5059 Lunamque
703 4919 974 5040 efficerent,
1001 4941 1053 5020 et
1077 4919 1247 5056 rnagni
1268 4919 1451 5017 moenia
1476 4916 1671 5018 mundi.
