4432 5984
755 362 1027 453 LIBER
1089 358 1514 454 QUARTUS.
1604 442 1607 447 .
1778 356 1875 467 153

381 616 660 727 Desierunt
685 607 828 742 uerti,
854 620 936 721 vix
965 642 1025 722 ut
1040 619 1149 756 jam
1174 619 1379 721 eredere
1405 621 1613 758 possint,

380 790 499 895 Non
529 833 686 934 supra
710 834 815 897 sese
842 833 987 896 ruere
1013 796 1182 896 omnia
1206 817 1339 897 tecta
1364 796 1561 898 minari.

444 967 667 1108 Jamque
687 970 896 1071 rubrum
913 971 1142 1073 tremulis
1158 968 1316 1107 jubar
1333 970 1539 1107 ignibus
1558 970 1751 1109 erigere
1771 971 1871 1074 alte

379 1139 550 1265 Quom
577 1167 763 1281 coeptat
786 1168 985 1266 natura,
1011 1183 1269 1283 supraque
1295 1145 1535 1245 extollere
1555 1148 1769 1250 monteis
1783 1187 1796 1272 ;

377 1314 521 1436 Quos
544 1320 638 1419 tibi
666 1343 772 1420 tum
799 1358 953 1459 supra
977 1321 1049 1422 sol
1075 1320 1289 1421 monteis
1314 1356 1418 1419 esse
1442 1320 1660 1442 videtur,

378 1490 675 1594 Comminus
700 1495 809 1631 ipse
838 1531 927 1594 suo
953 1494 1251 1631 contingens
1277 1493 1501 1594 fervidus
1524 1464 1650 1632 igni,

372 1663 477 1768 Vix
504 1666 689 1769 absunt
712 1666 858 1769 nobis
883 1668 1062 1769 missus
1088 1666 1166 1770 bis
1191 1667 1327 1768 mille
1354 1668 1580 1805 sagittae3

372 1838 476 1941 Vix
501 1843 652 1941 etiam
678 1879 852 1943 cursus
878 1842 1185 1983 quingentos
1210 1879 1346 1978 saepe
1372 1841 1563 1943 veruti:

373 2012 515 2116 Inter
540 2054 623 2116 eos
647 2013 907 2153 solemque
924 2014 1099 2152 jacent
1122 2016 1362 2116 immania
1386 2015 1531 2155 ponti
1694 2030 1698 2041 '

370 2189 604 2328 AEquora
629 2187 882 2290 substrata
907 2186 1128 2289 aetheriis
1154 2189 1448 2328 ingentibus
1473 2189 1603 2314 oris;

370 2361 752 2503 Interjectaque
778 2384 898 2465 sunt
922 2386 1169 2465 terrarum
1196 2363 1354 2463 millia
1379 2363 1554 2483 multa,

372 2536 504 2659 Quae
531 2539 681 2640 variae
707 2541 931 2640 retinent
952 2560 1148 2676 gentes,
1169 2561 1221 2639 et
1245 2536 1393 2639 saeela
1416 2536 1656 2639 ferarum.

436 2710 507 2811 At
533 2710 789 2811 conlectus
813 2748 962 2850 aquae
988 2711 1206 2850 digitum
1233 2752 1336 2813 non
1362 2712 1511 2813 altior
1535 2748 1711 2832 unum,

369 2881 474 3004 Qui
499 2884 695 3022 lapides
720 2885 1007 2986 intersistit
1031 2924 1124 3024 per
1148 2909 1302 2989 strata
1325 2886 1536 3006 viarum,

367 3056 680 3199 Despectum
706 3058 905 3197 praebet
930 3061 1025 3162 sub
1050 3083 1208 3161 terras
1232 3060 1421 3198 impete
1447 3080 1605 3179 tanto,

364 3232 413 3333 A
438 3234 585 3334 terris
610 3255 862 3371 quantum
888 3232 998 3334 coeli
1025 3255 1166 3371 patet
1192 3235 1323 3336 altus
1349 3231 1546 3335 hiatus:

366 3407 565 3513 Nubila
591 3411 867 3548 despicere,
894 3434 947 3524 et
970 3411 1154 3516 coelum
1172 3430 1240 3515 ,ut
1263 3408 1465 3509 videare
1490 3406 1678 3528 videre,
1705 3429 1757 3508 et
1874 3428 1877 3433 ’

366 3582 594 3723 Corpora
619 3584 848 3687 mirande
875 3583 970 3687 sub
996 3609 1155 3688 terras
1179 3582 1353 3685 abdita
1375 3583 1517 3685 coelo.

432 3754 690 3896 Denique,
719 3758 809 3857 ubi
834 3759 888 3858 in
914 3759 1082 3860 medio
1107 3757 1253 3860 nobis
1278 3794 1444 3895 equus
1467 3792 1583 3856 acer
1607 3753 1824 3856 obhaesit

361 3930 612 4054 Flumine,
638 3954 691 4033 et
713 3932 767 4032 iu
792 3930 995 4069 rapidas
1021 3933 1181 4033 amnis
1207 3930 1532 4069 despeximus
1557 3929 1737 4051 undas,

288 4156 294 4166 ·
361 4105 553 4209 Stantis
578 4107 697 4247 equi
724 4144 908 4245 corpus
932 4127 1271 4209 transversum
1296 4104 1428 4205 ferre
1446 4102 1650 4206 videtur

358 4278 467 4401 Vis,
494 4306 546 4384 et
570 4283 623 4382 in
650 4280 918 4384 adversum
942 4281 1135 4383 flumen
1160 4279 1461 4381 contrudere
1485 4280 1702 4416 raptim;

359 4453 445 4579 Et,
471 4492 781 4596 quocunque
806 4456 979 4559 oeulos
1003 4455 1308 4594 trajecimus,
1336 4454 1504 4555 omnia
1528 4451 1665 4576 ferri,

357 4628 428 4732 Et
451 4632 612 4732 fluere
636 4628 856 4731 adsimili
879 4627 1026 4730 nobis
1051 4630 1245 4730 ratione
1270 4628 1524 4732 videntur.

234 4774 237 4779 Ι
428 4803 659 4909 Porticus
683 4803 867 4944 aequali
896 4806 1128 4946 quamvis
1153 4827 1232 4907 est
1255 4804 1479 4946 denique
1504 4804 1681 4927 ductu,

357 4982 610 5121 Stansque
635 4980 687 5083 in
714 5001 1024 5119 perpetuum
1048 4978 1259 5120 paribus
1284 4978 1495 5087 suffulta
1518 4978 1796 5108 columnis,
