4432 5984
367 286 439 379 ao
736 286 1285 382 nuscanum
1351 286 1565 381 cunr
1670 388 1679 401 ,

368 542 440 651 Et
464 546 634 647 sonitu
661 547 848 667 sterila,
874 571 927 648 et
950 586 1099 650 succo
1115 545 1295 686 jejuna
1318 546 1554 659 feruntur
1567 583 1583 669 ;

275 707 279 714 ¹
369 719 484 825 Nec
501 723 702 860 jaciunt
723 724 886 823 ullum
911 724 1178 861 proprium
1205 720 1268 820 de
1293 757 1502 859 corpore
1527 717 1769 821 odorem.

369 895 514 1000 Sicut
538 901 810 1002 amaracini
835 898 1099 1019 blandum,
1126 919 1403 1036 stactaeque
1427 896 1681 1034 liquorem

369 1070 440 1175 Et
464 1074 611 1177 nardi
635 1076 831 1196 florem,
858 1095 1034 1174 nectar
1059 1073 1148 1213 qui
1176 1071 1384 1173 naribus
1409 1070 1600 1191 halant,

370 1244 543 1368 Quom
566 1248 730 1349 facere
756 1250 1004 1366 instituas,
1032 1249 1327 1384 cumprimis
1354 1283 1585 1386 quaerere
1611 1284 1712 1384 par
1736 1270 1852 1370 est,

329 1450 333 1456 “
369 1420 555 1543 Quoad
581 1425 715 1545 lieet,
743 1463 801 1525 aa
826 1423 958 1560 potis
983 1459 1037 1520 es
1062 1425 1301 1558 reperire,
1329 1423 1565 1523 inolentis
1589 1423 1712 1524 olivi

366 1594 641 1717 Naturam,
668 1597 861 1698 nullam
887 1631 1006 1733 quae
1031 1597 1199 1695 mittat
1222 1595 1432 1697 naribus
1457 1632 1659 1695 auram:

367 1768 540 1892 Quam
564 1772 771 1872 minime
797 1791 857 1871 ut
880 1771 1039 1907 possit
1064 1772 1235 1870 mistos
1262 1772 1313 1870 in
1340 1806 1550 1908 corpore
1574 1769 1780 1890 odores,

368 1944 770 2085 Concoctosque‚
798 1982 891 2047 suo
915 1966 1171 2046 contactos
1194 1943 1411 2083 perdere
1436 1946 1573 2046 viro:
1638 1964 1643 1973 '
1735 1990 1738 1995 ·

434 2117 714 2258 Propterea
738 2120 942 2220 demum
966 2119 1160 2220 debent
1182 2121 1466 2257 primordia
1490 2156 1662 2223 rerum

366 2292 491 2396 Non
518 2291 761 2395 adhibere
787 2330 934 2394 suum
962 2293 1242 2432 gignundis
1268 2292 1421 2396 rebus
1444 2294 1670 2415 odorem,

364 2464 479 2570 Neo
504 2469 743 2588 sonitum,
771 2468 1016 2607 quoniam
1041 2465 1171 2569 nihil
1197 2466 1263 2569 ab
1289 2507 1342 2570 se
1366 2470 1567 2600 mittere
1588 2492 1849 2606 possunt3

255 2667 257 2672 ’
365 2638 419 2742 N
423 2680 480 2743 ec
505 2641 668 2741 simili:
683 2644 882 2743 ratione·
904 2680 1134 2781 saporem
1160 2643 1386 2782 denique
1412 2653 1728 2783 quemquam
1768 2668 1772 2673 ’
1866 2662 1869 2669 ’

365 2810 479 2917 Neo
493 2815 671 2954 frigus,
681 2852 849 2956 neque
864 2819 985 2918 item
999 2818 1584 2957 calidum‚tepidumque
1598 2850 1869 2952 vaporem,
1888 2846 1948 2924 et

366 2989 583 3112 Caetera,
593 3029 711 3130 quae
721 3030 881 3131 quom
899 2996 970 3093 ita
984 3014 1102 3092 sunt
1116 2992 1339 3109 tandem,
1350 3016 1409 3093 ut
1423 2993 1655 3093 mortalia
1667 3016 1943 3121 constent,

365 3164 517 3268 Molli
543 3167 697 3286 lenta,
713 3165 924 3306 fragosa
947 3168 1104 3306 putri,
1132 3203 1252 3267 cava
1276 3202 1486 3304 corpore
1504 3203 1635 3289 raro,
1808 3174 1815 3187 “

365 3340 558 3443 Omnia
582 3343 684 3440 sint
707 3378 737 3438 a
760 3343 1027 3479 principiis
1053 3341 1281 3479 sejuncta
1303 3378 1505 3442 necesse
1531 3363 1623 3463 est,

365 3514 680 3615 Immortalia
705 3515 746 3614 si
765 3515 999 3617 volumus
1026 3514 1334 3653 subjungere
1359 3515 1513 3617 rebus

364 3687 735 3808 Fundamenta,
764 3688 953 3826 quibus
978 3690 1173 3790 nitatur
1198 3727 1393 3790 summa
1418 3692 1622 3818 salutis3
1679 3801 1682 3807 ,

195 3995 198 3999 p
365 3861 451 3965 Ne
477 3860 570 3961 tibi
597 3898 676 3963 res
701 3862 914 3963 redeant
939 3863 1003 3963 ad
1030 3865 1189 3964 nilum
1217 3862 1449 3965 funditus
1474 3903 1663 3968 omnes,

432 4034 591 4137 Nune
617 4074 691 4156 ea,
719 4073 838 4174 quae
865 4041 1051 4139 sentire
1068 4038 1297 4139 videmus
1313 4056 1542 4176 cunque,
1561 4079 1763 4144 necesse
1781 4070 1874 4155 est

363 4210 448 4317 Ex
470 4208 794 4311 insensilibus
818 4196 991 4313 tamen
1016 4212 1185 4312 omnia
1209 4211 1480 4315 confiteare

361 4388 639 4527 Principiis·
651 4413 911 4491 constare:
935 4422 1120 4526 neq-ue
1147 4384 1200 4484 id
1219 4384 1485 4488 manifesta
1509 4388 1748 4511 refutant,

361 4561 477 4664 Nee
503 4585 679 4664 eontra
702 4584 956 4701 pugnant,
982 4565 1305 4699 inpromptu
1329 4563 1533 4699 cognita
1557 4598 1675 4704 quae
1700 4590 1867 4699 sunt3

361 4735 464 4837 Sed
491 4738 650 4874 magis
674 4739 785 4875 ipsa
809 4772 963 4836 manu
989 4736 1202 4853 ducunt,
1230 4754 1283 4832 et
1307 4736 1511 4836 eredere
1536 4761 1759 4878 eogrmt,

359 4906 443 5010 Ex
466 4909 806 5033 insensilibus,
836 4910 977 5050 quad
1003 4909 1133 5033 dicu,
1161 4912 1397 5016 animalia
1420 4915 1581 5056 gigni.
