<?xml version="1.0" encoding="UTF-8"?>
<!DOCTYPE html PUBLIC "-//W3C//DTD XHTML 1.0 Transitional//EN"
    "http://www.w3.org/TR/xhtml1/DTD/xhtml1-transitional.dtd">
<html xmlns="http://www.w3.org/1999/xhtml" xml:lang="en" lang="en">
 <head>
  <title>
</title>
<meta http-equiv="Content-Type" content="text/html;charset=utf-8" />
  <meta name='ocr-system' content='tesseract 3.04.00' />
  <meta name='ocr-capabilities' content='ocr_page ocr_carea ocr_par ocr_line ocrx_word'/>
</head>
<body>
  <div class='ocr_page' id='page_1' title='image "./tlucretiicaride01carugoog_0060.png"; bbox 0 0 4432 5984; ppageno 0'>
   <div class='ocr_carea' id='block_1_1' title="bbox 680 312 1837 411">
    <p class='ocr_par' dir='ltr' id='par_1_1' title="bbox 680 312 1837 411">
     <span class='ocr_line' id='line_1_1' title="bbox 680 312 1837 411; baseline 0.01 -10"><span class='ocrx_word' id='word_1_1' title='bbox 680 312 953 404; x_wconf 87' lang='lat' dir='ltr'>LIBER</span> <span class='ocrx_word' id='word_1_2' title='bbox 988 312 1483 406; x_wconf 63' lang='lat' dir='ltr'><strong>SECUNDUS.</strong></span> <span class='ocrx_word' id='word_1_3' title='bbox 1757 317 1837 411; x_wconf 81' lang='lat'>5-1.</span> 
     </span>
    </p>
   </div>
   <div class='ocr_carea' id='block_1_2' title="bbox 335 566 1816 712">
    <p class='ocr_par' dir='ltr' id='par_1_2' title="bbox 335 566 1816 712">
     <span class='ocr_line' id='line_1_2' title="bbox 335 566 1816 712; baseline 0.009 -43"><span class='ocrx_word' id='word_1_4' title='bbox 335 566 639 692; x_wconf 84' lang='lat' dir='ltr'>Consistant,</span> <span class='ocrx_word' id='word_1_5' title='bbox 667 572 906 711; x_wconf 88' lang='lat' dir='ltr'>quoniam</span> <span class='ocrx_word' id='word_1_6' title='bbox 932 574 1151 710; x_wconf 85' lang='lat' dir='ltr'>spatium</span> <span class='ocrx_word' id='word_1_7' title='bbox 1171 576 1277 673; x_wconf 90' lang='lat' dir='ltr'>sine</span> <span class='ocrx_word' id='word_1_8' title='bbox 1301 571 1403 672; x_wconf 90' lang='lat' dir='ltr'>fine</span> <span class='ocrx_word' id='word_1_9' title='bbox 1422 571 1687 712; x_wconf 82' lang='lat' dir='ltr'>modoque</span> <span class='ocrx_word' id='word_1_10' title='bbox 1704 584 1816 705; x_wconf 52' lang='lat' dir='ltr'>est}</span> 
     </span>
    </p>
   </div>
   <div class='ocr_carea' id='block_1_3' title="bbox 331 739 1802 2451">
    <p class='ocr_par' dir='ltr' id='par_1_3' title="bbox 333 739 1730 884">
     <span class='ocr_line' id='line_1_3' title="bbox 333 739 1730 884; baseline 0.007 -44"><span class='ocrx_word' id='word_1_11' title='bbox 333 739 745 884; x_wconf 86' lang='lat' dir='ltr'><strong>Immensumque</strong></span> <span class='ocrx_word' id='word_1_12' title='bbox 770 766 943 882; x_wconf 89' lang='lat' dir='ltr'>patere</span> <span class='ocrx_word' id='word_1_13' title='bbox 962 748 1012 845; x_wconf 92' lang='lat' dir='ltr'>in</span> <span class='ocrx_word' id='word_1_14' title='bbox 1040 768 1245 846; x_wconf 79' lang='lat' dir='ltr'>cunctas</span> <span class='ocrx_word' id='word_1_15' title='bbox 1270 746 1500 883; x_wconf 88' lang='lat' dir='ltr'>undique</span> <span class='ocrx_word' id='word_1_16' title='bbox 1527 750 1730 883; x_wconf 83' lang='lat' dir='ltr'>parteis,</span> 
     </span>
    </p>

    <p class='ocr_par' dir='ltr' id='par_1_4' title="bbox 332 913 1760 1232">
     <span class='ocr_line' id='line_1_4' title="bbox 332 913 1677 1057; baseline 0.004 -40"><span class='ocrx_word' id='word_1_17' title='bbox 332 913 572 1019; x_wconf 84' lang='lat' dir='ltr'><strong>Pluribus</strong></span> <span class='ocrx_word' id='word_1_18' title='bbox 596 919 810 1040; x_wconf 86' lang='lat' dir='ltr'>ostendi,</span> <span class='ocrx_word' id='word_1_19' title='bbox 831 942 888 1034; x_wconf 77' lang='lat' dir='ltr'>¹et</span> <span class='ocrx_word' id='word_1_20' title='bbox 911 943 1051 1031; x_wconf 81' lang='lat' dir='ltr'>eerta</span> <span class='ocrx_word' id='word_1_21' title='bbox 1071 920 1263 1021; x_wconf 88' lang='lat' dir='ltr'>ratione</span> <span class='ocrx_word' id='word_1_22' title='bbox 1288 918 1557 1057; x_wconf 88' lang='lat' dir='ltr'>probatum</span> <span class='ocrx_word' id='word_1_23' title='bbox 1587 942 1677 1022; x_wconf 84' lang='lat' dir='ltr'>est.</span> 
     </span>
     <span class='ocr_line' id='line_1_5' title="bbox 403 1090 1760 1232; baseline 0.004 -39"><span class='ocrx_word' id='word_1_24' title='bbox 403 1090 557 1213; x_wconf 81' lang='lat' dir='ltr'>Quod</span> <span class='ocrx_word' id='word_1_25' title='bbox 584 1097 822 1232; x_wconf 88' lang='lat' dir='ltr'>quoniam</span> <span class='ocrx_word' id='word_1_26' title='bbox 848 1116 1057 1215; x_wconf 72' lang='lat' dir='ltr'>constat,</span> <span class='ocrx_word' id='word_1_27' title='bbox 1085 1093 1323 1205; x_wconf 90' lang='lat' dir='ltr'>nimirum</span> <span class='ocrx_word' id='word_1_28' title='bbox 1348 1092 1489 1194; x_wconf 89' lang='lat' dir='ltr'>nulla</span> <span class='ocrx_word' id='word_1_29' title='bbox 1514 1094 1657 1231; x_wconf 88' lang='lat' dir='ltr'>quies</span> <span class='ocrx_word' id='word_1_30' title='bbox 1685 1112 1760 1200; x_wconf 80' lang='lat' dir='ltr'>esl</span> 
     </span>
    </p>

    <p class='ocr_par' dir='ltr' id='par_1_5' title="bbox 333 1262 1802 1409">
     <span class='ocr_line' id='line_1_6' title="bbox 333 1262 1802 1409; baseline 0.004 -44"><span class='ocrx_word' id='word_1_31' title='bbox 333 1262 553 1370; x_wconf 83' lang='lat' dir='ltr'>Reddita</span> <span class='ocrx_word' id='word_1_32' title='bbox 576 1270 873 1409; x_wconf 84' lang='lat' dir='ltr'>corporibus</span> <span class='ocrx_word' id='word_1_33' title='bbox 897 1271 1072 1407; x_wconf 88' lang='lat' dir='ltr'>primis</span> <span class='ocrx_word' id='word_1_34' title='bbox 1097 1269 1362 1409; x_wconf 86' lang='lat' dir='ltr'>perinane</span> <span class='ocrx_word' id='word_1_35' title='bbox 1388 1266 1731 1404; x_wconf 89' lang='lat' dir='ltr'>profundum;</span> <span class='ocrx_word' id='word_1_36' title='bbox 1797 1314 1802 1323; x_wconf 90' lang='lat'>·</span> 
     </span>
    </p>

    <p class='ocr_par' dir='ltr' id='par_1_6' title="bbox 333 1440 1562 1584">
     <span class='ocr_line' id='line_1_7' title="bbox 333 1440 1562 1584; baseline 0.001 -43"><span class='ocrx_word' id='word_1_37' title='bbox 333 1440 431 1542; x_wconf 87' lang='lat' dir='ltr'>Sed</span> <span class='ocrx_word' id='word_1_38' title='bbox 454 1446 613 1582; x_wconf 88' lang='lat' dir='ltr'>magis</span> <span class='ocrx_word' id='word_1_39' title='bbox 637 1445 865 1564; x_wconf 86' lang='lat' dir='ltr'>adsidue,</span> <span class='ocrx_word' id='word_1_40' title='bbox 893 1446 1133 1584; x_wconf 90' lang='lat' dir='ltr'>varioque</span> <span class='ocrx_word' id='word_1_41' title='bbox 1160 1444 1381 1547; x_wconf 84' lang='lat' dir='ltr'>exercita</span> <span class='ocrx_word' id='word_1_42' title='bbox 1405 1463 1562 1561; x_wconf 87' lang='lat' dir='ltr'>motu,</span> 
     </span>
    </p>

    <p class='ocr_par' dir='ltr' id='par_1_7' title="bbox 331 1611 1600 1756">
     <span class='ocr_line' id='line_1_8' title="bbox 331 1611 1600 1756; baseline 0.001 -42"><span class='ocrx_word' id='word_1_43' title='bbox 331 1611 523 1719; x_wconf 84' lang='lat' dir='ltr'>Partim</span> <span class='ocrx_word' id='word_1_44' title='bbox 549 1619 821 1727; x_wconf 88' lang='lat' dir='ltr'>intervallis</span> <span class='ocrx_word' id='word_1_45' title='bbox 845 1620 1041 1756; x_wconf 88' lang='lat' dir='ltr'>magnis</span> <span class='ocrx_word' id='word_1_46' title='bbox 1067 1618 1300 1718; x_wconf 84' lang='lat' dir='ltr'>conflicta</span> <span class='ocrx_word' id='word_1_47' title='bbox 1326 1615 1600 1715; x_wconf 87' lang='lat' dir='ltr'>resultant:</span> 
     </span>
    </p>

    <p class='ocr_par' dir='ltr' id='par_1_8' title="bbox 331 1785 1603 1929">
     <span class='ocr_line' id='line_1_9' title="bbox 331 1785 1603 1929; baseline 0 -40"><span class='ocrx_word' id='word_1_48' title='bbox 331 1785 454 1889; x_wconf 88' lang='lat' dir='ltr'>Pars</span> <span class='ocrx_word' id='word_1_49' title='bbox 479 1792 629 1891; x_wconf 78' lang='lat' dir='ltr'>eliam</span> <span class='ocrx_word' id='word_1_50' title='bbox 657 1790 892 1892; x_wconf 88' lang='lat' dir='ltr'>brevibus</span> <span class='ocrx_word' id='word_1_51' title='bbox 919 1794 1091 1929; x_wconf 78' lang='lat' dir='ltr'>spatiis</span> <span class='ocrx_word' id='word_1_52' title='bbox 1116 1812 1369 1892; x_wconf 86' lang='lat' dir='ltr'>nexantur</span> <span class='ocrx_word' id='word_1_53' title='bbox 1393 1787 1457 1888; x_wconf 87' lang='lat' dir='ltr'>ab</span> <span class='ocrx_word' id='word_1_54' title='bbox 1482 1788 1603 1889; x_wconf 81' lang='lat' dir='ltr'><strong>ictu.</strong></span> 
     </span>
    </p>

    <p class='ocr_par' dir='ltr' id='par_1_9' title="bbox 332 1957 1499 2102">
     <span class='ocr_line' id='line_1_10' title="bbox 332 1957 1499 2102; baseline 0.002 -42"><span class='ocrx_word' id='word_1_55' title='bbox 332 1957 402 2061; x_wconf 88' lang='lat' dir='ltr'>Et</span> <span class='ocrx_word' id='word_1_56' title='bbox 420 2000 739 2102; x_wconf 86' lang='lat' dir='ltr'>quaeeunque</span> <span class='ocrx_word' id='word_1_57' title='bbox 765 1965 924 2102; x_wconf 87' lang='lat' dir='ltr'>magis</span> <span class='ocrx_word' id='word_1_58' title='bbox 950 1964 1204 2065; x_wconf 84' lang='lat' dir='ltr'>condenso</span> <span class='ocrx_word' id='word_1_59' title='bbox 1232 1962 1499 2063; x_wconf 84' lang='lat' dir='ltr'>conciliatu</span> 
     </span>
    </p>

    <p class='ocr_par' dir='ltr' id='par_1_10' title="bbox 332 2116 1689 2285">
     <span class='ocr_line' id='line_1_11' title="bbox 332 2116 1689 2274; baseline -0.001 -39"><span class='ocrx_word' id='word_1_60' title='bbox 332 2131 547 2274; x_wconf 86' lang='lat' dir='ltr'>Exiguis</span> <span class='ocrx_word' id='word_1_61' title='bbox 572 2139 845 2239; x_wconf 85' lang='lat' dir='ltr'>intervallis</span> <span class='ocrx_word' id='word_1_62' title='bbox 870 2177 1098 2240; x_wconf 86' lang='lat' dir='ltr'>connexa</span> <span class='ocrx_word' id='word_1_63' title='bbox 1122 2136 1387 2254; x_wconf 87' lang='lat' dir='ltr'>resultant,</span> <span class='ocrx_word' id='word_1_64' title='bbox 1555 2116 1689 2253; x_wconf 66' lang='lat' dir='ltr'>‘i&#39;</span> 
     </span>
    </p>

    <p class='ocr_par' dir='ltr' id='par_1_11' title="bbox 332 2282 1693 2451">
     <span class='ocr_line' id='line_1_12' title="bbox 332 2282 1693 2451; baseline -0.002 -47"><span class='ocrx_word' id='word_1_65' title='bbox 332 2303 643 2444; x_wconf 87' lang='lat' dir='ltr'>Indupedita</span> <span class='ocrx_word' id='word_1_66' title='bbox 667 2312 767 2415; x_wconf 88' lang='lat' dir='ltr'>suis</span> <span class='ocrx_word' id='word_1_67' title='bbox 791 2315 1048 2451; x_wconf 85' lang='lat' dir='ltr'>perplexis</span> <span class='ocrx_word' id='word_1_68' title='bbox 1073 2315 1182 2449; x_wconf 90' lang='lat' dir='ltr'>ipsa</span> <span class='ocrx_word' id='word_1_69' title='bbox 1207 2311 1415 2449; x_wconf 87' lang='lat' dir='ltr'>figuris;</span> <span class='ocrx_word' id='word_1_70' title='bbox 1557 2282 1666 2437; x_wconf 29' lang='lat' dir='ltr'>apti:</span> <span class='ocrx_word' id='word_1_71' title='bbox 1684 2312 1693 2345; x_wconf 89' lang='grc'><em>”</em></span> 
     </span>
    </p>
   </div>
   <div class='ocr_carea' id='block_1_4' title="bbox 83 2477 1391 2610">
    <p class='ocr_par' dir='ltr' id='par_1_12' title="bbox 83 2477 1391 2610">
     <span class='ocr_line' id='line_1_13' title="bbox 83 2477 1391 2610; baseline 0.003 -31"><span class='ocrx_word' id='word_1_72' title='bbox 83 2520 89 2529; x_wconf 96' lang='grc'><em>·</em></span> <span class='ocrx_word' id='word_1_73' title='bbox 224 2603 229 2610; x_wconf 86' lang='lat'><em>.</em></span> <span class='ocrx_word' id='word_1_74' title='bbox 331 2477 460 2582; x_wconf 86' lang='lat' dir='ltr'>Haec</span> <span class='ocrx_word' id='word_1_75' title='bbox 484 2483 674 2585; x_wconf 82' lang='lat' dir='ltr'>validas</span> <span class='ocrx_word' id='word_1_76' title='bbox 699 2488 806 2586; x_wconf 84' lang='lat' dir='ltr'>saxi</span> <span class='ocrx_word' id='word_1_77' title='bbox 831 2487 1039 2608; x_wconf 84' lang='lat' dir='ltr'>radices,</span> <span class='ocrx_word' id='word_1_78' title='bbox 1066 2509 1118 2587; x_wconf 89' lang='lat' dir='ltr'>et</span> <span class='ocrx_word' id='word_1_79' title='bbox 1141 2484 1248 2584; x_wconf 88' lang='lat' dir='ltr'>fera</span> <span class='ocrx_word' id='word_1_80' title='bbox 1271 2483 1391 2603; x_wconf 89' lang='lat' dir='ltr'>ferri</span> 
     </span>
    </p>
   </div>
   <div class='ocr_carea' id='block_1_5' title="bbox 330 2649 1788 4884">
    <p class='ocr_par' dir='ltr' id='par_1_13' title="bbox 330 2649 1788 4884">
     <span class='ocr_line' id='line_1_14' title="bbox 334 2649 1700 2796; baseline 0.006 -44"><span class='ocrx_word' id='word_1_81' title='bbox 334 2649 560 2793; x_wconf 86' lang='lat' dir='ltr'>Corpora</span> <span class='ocrx_word' id='word_1_82' title='bbox 585 2662 912 2782; x_wconf 79' lang='lat' dir='ltr'>constituunt,</span> <span class='ocrx_word' id='word_1_83' title='bbox 940 2686 990 2764; x_wconf 90' lang='lat' dir='ltr'>et</span> <span class='ocrx_word' id='word_1_84' title='bbox 1015 2684 1197 2764; x_wconf 86' lang='lat' dir='ltr'>caetera</span> <span class='ocrx_word' id='word_1_85' title='bbox 1222 2658 1285 2760; x_wconf 91' lang='lat' dir='ltr'>de</span> <span class='ocrx_word' id='word_1_86' title='bbox 1309 2693 1494 2796; x_wconf 86' lang='lat' dir='ltr'>genere</span> <span class='ocrx_word' id='word_1_87' title='bbox 1508 2654 1700 2765; x_wconf 80' lang='lat' dir='ltr'>‚horum</span> 
     </span>
     <span class='ocr_line' id='line_1_15' title="bbox 331 2824 1764 2975; baseline 0.005 -47"><span class='ocrx_word' id='word_1_88' title='bbox 331 2824 583 2933; x_wconf 86' lang='lat' dir='ltr'>Pauoula:</span> <span class='ocrx_word' id='word_1_89' title='bbox 624 2872 740 2971; x_wconf 87' lang='lat' dir='ltr'>quae</span> <span class='ocrx_word' id='word_1_90' title='bbox 764 2872 915 2971; x_wconf 93' lang='lat' dir='ltr'>porro</span> <span class='ocrx_word' id='word_1_91' title='bbox 940 2874 1182 2975; x_wconf 89' lang='lat' dir='ltr'>magnum</span> <span class='ocrx_word' id='word_1_92' title='bbox 1207 2870 1301 2972; x_wconf 91' lang='lat' dir='ltr'>per</span> <span class='ocrx_word' id='word_1_93' title='bbox 1324 2833 1473 2931; x_wconf 90' lang='lat' dir='ltr'>inane</span> <span class='ocrx_word' id='word_1_94' title='bbox 1497 2854 1764 2970; x_wconf 84' lang='lat' dir='ltr'>vagantur,</span> 
     </span>
     <span class='ocr_line' id='line_1_16' title="bbox 330 2997 1556 3148; baseline 0.005 -47"><span class='ocrx_word' id='word_1_95' title='bbox 330 2997 401 3101; x_wconf 83' lang='lat' dir='ltr'>Et</span> <span class='ocrx_word' id='word_1_96' title='bbox 424 3004 522 3104; x_wconf 84' lang='lat' dir='ltr'>cita</span> <span class='ocrx_word' id='word_1_97' title='bbox 547 3004 800 3108; x_wconf 87' lang='lat' dir='ltr'>dissiliunt</span> <span class='ocrx_word' id='word_1_98' title='bbox 824 3008 991 3148; x_wconf 90' lang='lat' dir='ltr'>longe,</span> <span class='ocrx_word' id='word_1_99' title='bbox 1017 3011 1272 3147; x_wconf 85' lang='lat' dir='ltr'><strong>longeque</strong></span> <span class='ocrx_word' id='word_1_100' title='bbox 1287 3027 1556 3115; x_wconf 84' lang='lat' dir='ltr'>¹recursant</span> 
     </span>
     <span class='ocr_line' id='line_1_17' title="bbox 331 3169 1401 3316; baseline 0.005 -43"><span class='ocrx_word' id='word_1_101' title='bbox 331 3169 391 3274; x_wconf 93' lang='lat' dir='ltr'>In</span> <span class='ocrx_word' id='word_1_102' title='bbox 418 3180 614 3316; x_wconf 87' lang='lat' dir='ltr'>magnis</span> <span class='ocrx_word' id='word_1_103' title='bbox 639 3181 942 3308; x_wconf 85' lang='lat' dir='ltr'>intervallis3</span> <span class='ocrx_word' id='word_1_104' title='bbox 969 3182 1078 3284; x_wconf 89' lang='lat' dir='ltr'>haec</span> <span class='ocrx_word' id='word_1_105' title='bbox 1098 3185 1213 3282; x_wconf 72' lang='lat' dir='ltr'>aera</span> <span class='ocrx_word' id='word_1_106' title='bbox 1230 3215 1401 3279; x_wconf 88' lang='lat' dir='ltr'>rarum</span> 
     </span>
     <span class='ocr_line' id='line_1_18' title="bbox 331 3347 1644 3495; baseline 0.002 -45"><span class='ocrx_word' id='word_1_107' title='bbox 331 3347 602 3475; x_wconf 84' lang='lat' dir='ltr'>Sufficiunt</span> <span class='ocrx_word' id='word_1_108' title='bbox 626 3354 785 3477; x_wconf 89' lang='lat' dir='ltr'>nobis,</span> <span class='ocrx_word' id='word_1_109' title='bbox 813 3380 865 3459; x_wconf 86' lang='lat' dir='ltr'>et</span> <span class='ocrx_word' id='word_1_110' title='bbox 888 3356 1168 3495; x_wconf 88' lang='lat' dir='ltr'>splendida.</span> <span class='ocrx_word' id='word_1_111' title='bbox 1183 3354 1373 3457; x_wconf 87' lang='lat' dir='ltr'>lumina</span> <span class='ocrx_word' id='word_1_112' title='bbox 1397 3348 1528 3451; x_wconf 90' lang='lat' dir='ltr'>solis.</span> <span class='ocrx_word' id='word_1_113' title='bbox 1641 3444 1644 3453; x_wconf 89' lang='lat'>.</span> 
     </span>
     <span class='ocr_line' id='line_1_19' title="bbox 401 3494 1788 3669; baseline 0 -45"><span class='ocrx_word' id='word_1_114' title='bbox 401 3494 674 3666; x_wconf 88' lang='lat' dir='ltr'>Multaque</span> <span class='ocrx_word' id='word_1_115' title='bbox 699 3554 946 3668; x_wconf 85' lang='lat' dir='ltr'>praeterea</span> <span class='ocrx_word' id='word_1_116' title='bbox 969 3567 1211 3669; x_wconf 88' lang='lat' dir='ltr'>magnum</span> <span class='ocrx_word' id='word_1_117' title='bbox 1235 3524 1501 3664; x_wconf 85' lang='lat' dir='ltr'>perinane</span> <span class='ocrx_word' id='word_1_118' title='bbox 1526 3544 1788 3660; x_wconf 81' lang='lat' dir='ltr'>vagantur,</span> 
     </span>
     <span class='ocr_line' id='line_1_20' title="bbox 333 3694 1640 3846; baseline -0.001 -47"><span class='ocrx_word' id='word_1_119' title='bbox 333 3694 575 3801; x_wconf 84' lang='lat' dir='ltr'>Conciliis</span> <span class='ocrx_word' id='word_1_120' title='bbox 600 3740 767 3805; x_wconf 90' lang='lat' dir='ltr'>rerum</span> <span class='ocrx_word' id='word_1_121' title='bbox 794 3729 1057 3846; x_wconf 86' lang='lat' dir='ltr'>quaesunt</span> <span class='ocrx_word' id='word_1_122' title='bbox 1080 3704 1279 3842; x_wconf 81' lang='lat' dir='ltr'>rejecta,</span> <span class='ocrx_word' id='word_1_123' title='bbox 1305 3740 1398 3802; x_wconf 86' lang='lat' dir='ltr'>neo</span> <span class='ocrx_word' id='word_1_124' title='bbox 1424 3736 1640 3839; x_wconf 72' lang='lat' dir='ltr'>usquam</span> 
     </span>
     <span class='ocr_line' id='line_1_21' title="bbox 334 3867 1629 4018; baseline -0.001 -48"><span class='ocrx_word' id='word_1_125' title='bbox 334 3867 631 3994; x_wconf 88' lang='lat' dir='ltr'>Consociare</span> <span class='ocrx_word' id='word_1_126' title='bbox 657 3880 806 3985; x_wconf 81' lang='lat' dir='ltr'>etiam</span> <span class='ocrx_word' id='word_1_127' title='bbox 831 3902 997 3980; x_wconf 91' lang='lat' dir='ltr'>motus</span> <span class='ocrx_word' id='word_1_128' title='bbox 1021 3901 1232 4018; x_wconf 84' lang='lat' dir='ltr'>potuere</span> <span class='ocrx_word' id='word_1_129' title='bbox 1256 3897 1488 4013; x_wconf 87' lang='lat' dir='ltr'>recepta:</span> <span class='ocrx_word' id='word_1_130' title='bbox 1590 3880 1594 3887; x_wconf 81' lang='grc'><strong>’</strong></span> <span class='ocrx_word' id='word_1_131' title='bbox 1626 3962 1629 3969; x_wconf 76' lang='grc'>,</span> 
     </span>
     <span class='ocr_line' id='line_1_22' title="bbox 332 4043 1752 4186; baseline 0.003 -42"><span class='ocrx_word' id='word_1_132' title='bbox 332 4043 546 4183; x_wconf 83' lang='lat' dir='ltr'>Quojus,¹</span> <span class='ocrx_word' id='word_1_133' title='bbox 573 4051 647 4149; x_wconf 91' lang='lat' dir='ltr'>uti</span> <span class='ocrx_word' id='word_1_134' title='bbox 673 4088 911 4173; x_wconf 88' lang='lat' dir='ltr'>memoro,</span> <span class='ocrx_word' id='word_1_135' title='bbox 938 4054 1007 4154; x_wconf 85' lang='lat' dir='ltr'>rei</span> <span class='ocrx_word' id='word_1_136' title='bbox 1037 4052 1357 4161; x_wconf 86' lang='lat' dir='ltr'>simulacrum</span> <span class='ocrx_word' id='word_1_137' title='bbox 1384 4069 1436 4149; x_wconf 93' lang='lat' dir='ltr'>et</span> <span class='ocrx_word' id='word_1_138' title='bbox 1460 4048 1628 4186; x_wconf 86' lang='lat' dir='ltr'>imago</span> <span class='ocrx_word' id='word_1_139' title='bbox 1748 4160 1752 4167; x_wconf 85' lang='lat'><em>.</em></span> 
     </span>
     <span class='ocr_line' id='line_1_23' title="bbox 330 4220 1618 4364; baseline -0.002 -44"><span class='ocrx_word' id='word_1_140' title='bbox 330 4220 468 4322; x_wconf 77' lang='lat' dir='ltr'>Ante</span> <span class='ocrx_word' id='word_1_141' title='bbox 487 4225 658 4325; x_wconf 88' lang='lat' dir='ltr'>oeulos</span> <span class='ocrx_word' id='word_1_142' title='bbox 684 4263 881 4364; x_wconf 83' lang='lat' dir='ltr'>semper</span> <span class='ocrx_word' id='word_1_143' title='bbox 905 4224 1050 4327; x_wconf 91' lang='lat' dir='ltr'>nobis</span> <span class='ocrx_word' id='word_1_144' title='bbox 1074 4245 1299 4333; x_wconf 87' lang='lat' dir='ltr'>versatur</span> <span class='ocrx_word' id='word_1_145' title='bbox 1317 4243 1370 4324; x_wconf 85' lang='lat' dir='ltr'>et</span> <span class='ocrx_word' id='word_1_146' title='bbox 1392 4221 1560 4322; x_wconf 85' lang='lat' dir='ltr'>instat.</span> <span class='ocrx_word' id='word_1_147' title='bbox 1610 4333 1618 4361; x_wconf 34' lang='grc' dir='ltr'><strong><em>ι</em></strong></span> 
     </span>
     <span class='ocr_line' id='line_1_24' title="bbox 333 4390 1653 4540; baseline -0.002 -45"><span class='ocrx_word' id='word_1_148' title='bbox 333 4390 714 4537; x_wconf 81' lang='lat' dir='ltr'>Contemplator</span> <span class='ocrx_word' id='word_1_149' title='bbox 738 4401 888 4523; x_wconf 90' lang='lat' dir='ltr'>enim,</span> <span class='ocrx_word' id='word_1_150' title='bbox 916 4397 1210 4540; x_wconf 86' lang='lat' dir='ltr'>quomsolis</span> <span class='ocrx_word' id='word_1_151' title='bbox 1233 4395 1427 4495; x_wconf 91' lang='lat' dir='ltr'>lumina</span> <span class='ocrx_word' id='word_1_152' title='bbox 1450 4430 1653 4532; x_wconf 83' lang='lat' dir='ltr'>cunque</span> 
     </span>
     <span class='ocr_line' id='line_1_25' title="bbox 330 4565 1684 4714; baseline 0.002 -45"><span class='ocrx_word' id='word_1_153' title='bbox 330 4565 512 4673; x_wconf 86' lang='lat' dir='ltr'>Inserti</span> <span class='ocrx_word' id='word_1_154' title='bbox 537 4572 761 4685; x_wconf 78' lang='lat' dir='ltr'>fundunt</span> <span class='ocrx_word' id='word_1_155' title='bbox 783 4576 910 4677; x_wconf 91' lang='lat' dir='ltr'>radii</span> <span class='ocrx_word' id='word_1_156' title='bbox 936 4613 1028 4714; x_wconf 90' lang='lat' dir='ltr'>per</span> <span class='ocrx_word' id='word_1_157' title='bbox 1051 4610 1209 4712; x_wconf 86' lang='lat' dir='ltr'>opaea</span> <span class='ocrx_word' id='word_1_158' title='bbox 1231 4572 1495 4673; x_wconf 89' lang='lat' dir='ltr'>domorum</span> <span class='ocrx_word' id='word_1_159' title='bbox 1512 4616 1538 4698; x_wconf 71' lang='lat'>3-¹</span> <span class='ocrx_word' id='word_1_160' title='bbox 1680 4666 1684 4673; x_wconf 85' lang='lat'>.</span> 
     </span>
     <span class='ocr_line' id='line_1_26' title="bbox 333 4742 1714 4884; baseline 0.001 -39"><span class='ocrx_word' id='word_1_161' title='bbox 333 4742 503 4846; x_wconf 80' lang='lat' dir='ltr'>Multa</span> <span class='ocrx_word' id='word_1_162' title='bbox 528 4749 724 4865; x_wconf 86' lang='lat' dir='ltr'>minuta</span> <span class='ocrx_word' id='word_1_163' title='bbox 747 4748 909 4849; x_wconf 90' lang='lat' dir='ltr'>modis</span> <span class='ocrx_word' id='word_1_164' title='bbox 934 4747 1106 4861; x_wconf 81' lang='lat' dir='ltr'>multis</span> <span class='ocrx_word' id='word_1_165' title='bbox 1130 4747 1394 4884; x_wconf 87' lang='lat' dir='ltr'>perinane</span> <span class='ocrx_word' id='word_1_166' title='bbox 1419 4745 1613 4847; x_wconf 84' lang='lat' dir='ltr'>videbis</span> <span class='ocrx_word' id='word_1_167' title='bbox 1709 4854 1714 4865; x_wconf 65' lang='grc'><strong>,</strong></span> 
     </span>
    </p>
   </div>
   <div class='ocr_carea' id='block_1_6' title="bbox 335 4917 1528 5146">
    <p class='ocr_par' dir='ltr' id='par_1_14' title="bbox 335 4917 1528 5146">
     <span class='ocr_line' id='line_1_27' title="bbox 335 4917 1528 5067; baseline -0.004 -44"><span class='ocrx_word' id='word_1_168' title='bbox 335 4917 563 5061; x_wconf 85' lang='lat' dir='ltr'>Corpora</span> <span class='ocrx_word' id='word_1_169' title='bbox 585 4923 781 5050; x_wconf 82' lang='lat' dir='ltr'>misceri</span> <span class='ocrx_word' id='word_1_170' title='bbox 806 4923 1063 5037; x_wconf 88' lang='lat' dir='ltr'>radiorum</span> <span class='ocrx_word' id='word_1_171' title='bbox 1087 4921 1281 5032; x_wconf 89' lang='lat' dir='ltr'>lumine</span> <span class='ocrx_word' id='word_1_172' title='bbox 1307 4920 1358 5019; x_wconf 93' lang='lat' dir='ltr'>in</span> <span class='ocrx_word' id='word_1_173' title='bbox 1386 4918 1496 5067; x_wconf 90' lang='lat' dir='ltr'>ipso</span> <span class='ocrx_word' id='word_1_174' title='bbox 1515 4959 1528 5033; x_wconf 57' lang='lat' dir='ltr'>z,</span> 
     </span>
     <span class='ocr_line' id='line_1_28' title="bbox 1053 5098 1099 5146; baseline 0.065 -3"><span class='ocrx_word' id='word_1_175' title='bbox 1053 5098 1099 5146; x_wconf 66' lang='lat'>12</span> 
     </span>
    </p>
   </div>
   <div class='ocr_carea' id='block_1_7' title="bbox 0 0 2220 5984">
    <p class='ocr_par' dir='ltr' id='par_1_15' title="bbox 0 0 2220 5984">
     <span class='ocr_line' id='line_1_29' title="bbox 0 0 2220 5984; baseline 0 1"><span class='ocrx_word' id='word_1_176' title='bbox 0 0 2220 5984; x_wconf 95' lang='lat' dir='ltr'> </span> 
     </span>
    </p>
   </div>
  </div>
 </body>
</html>
